Sales,Date,Region
1638,2/6/2018,north
1647,2/6/2018,south
1731,2/6/2018,east
1557,2/6/2018,west
1587,2/7/2018,north
1698,2/7/2018,south
1542,2/7/2018,east
1635,2/7/2018,west
1602,2/8/2018,north
1536,2/8/2018,south
1503,2/8/2018,east
1701,2/8/2018,west
1758,2/9/2018,north
1662,2/9/2018,south
1782,2/9/2018,east
1515,2/9/2018,west
1662,2/10/2018,north
1557,2/10/2018,south
1650,2/10/2018,east
1674,2/10/2018,west
1554,2/11/2018,north
1587,2/11/2018,south
1563,2/11/2018,east
1764,2/11/2018,west
1758,2/12/2018,north
1608,2/12/2018,south
1569,2/12/2018,east
1653,2/12/2018,west
1572,2/13/2018,north
1716,2/13/2018,south
1773,2/13/2018,east
1725,2/13/2018,west
1767,2/14/2018,north
1710,2/14/2018,south
1698,2/14/2018,east
1512,2/14/2018,west
1746,2/15/2018,north
1734,2/15/2018,south
1524,2/15/2018,east
1614,2/15/2018,west
1578,2/16/2018,north
1782,2/16/2018,south
1527,2/16/2018,east
1752,2/16/2018,west
1785,2/17/2018,north
1689,2/17/2018,south
1641,2/17/2018,east
1575,2/17/2018,west
1644,2/18/2018,north
1674,2/18/2018,south
1551,2/18/2018,east
1737,2/18/2018,west
1563,2/19/2018,north
1647,2/19/2018,south
1605,2/19/2018,east
1539,2/19/2018,west
1698,2/20/2018,north
1575,2/20/2018,south
1500,2/20/2018,east
1551,2/20/2018,west
1737,2/21/2018,north
1542,2/21/2018,south
1665,2/21/2018,east
1548,2/21/2018,west
1635,2/22/2018,north
1632,2/22/2018,south
1668,2/22/2018,east
1764,2/22/2018,west
1533,2/23/2018,north
1563,2/23/2018,south
1641,2/23/2018,east
1773,2/23/2018,west
1629,2/24/2018,north
1698,2/24/2018,south
1725,2/24/2018,east
1722,2/24/2018,west
1596,2/25/2018,north
1710,2/25/2018,south
1635,2/25/2018,east
1659,2/25/2018,west
1686,2/26/2018,north
1533,2/26/2018,south
1524,2/26/2018,east
1530,2/26/2018,west
1665,2/27/2018,north
1695,2/27/2018,south
1578,2/27/2018,east
1620,2/27/2018,west
1767,2/28/2018,north
1593,2/28/2018,south
1743,2/28/2018,east
1557,2/28/2018,west
1668,3/1/2018,north
1782,3/1/2018,south
1527,3/1/2018,east
1668,3/1/2018,west
1635,3/2/2018,north
1569,3/2/2018,south
1746,3/2/2018,east
1773,3/2/2018,west
1539,3/3/2018,north
1500,3/3/2018,south
1569,3/3/2018,east
1557,3/3/2018,west
1773,3/4/2018,north
1644,3/4/2018,south
1614,3/4/2018,east
1674,3/4/2018,west
1533,3/5/2018,north
1653,3/5/2018,south
1557,3/5/2018,east
1746,3/5/2018,west
1719,3/6/2018,north
1719,3/6/2018,south
1659,3/6/2018,east
1800,3/6/2018,west
1581,3/7/2018,north
1602,3/7/2018,south
1608,3/7/2018,east
1650,3/7/2018,west
1611,3/8/2018,north
1530,3/8/2018,south
1698,3/8/2018,east
1668,3/8/2018,west
1746,3/9/2018,north
1524,3/9/2018,south
1506,3/9/2018,east
1704,3/9/2018,west
1788,3/10/2018,north
1719,3/10/2018,south
1746,3/10/2018,east
1584,3/10/2018,west
1692,3/11/2018,north
1635,3/11/2018,south
1608,3/11/2018,east
1590,3/11/2018,west
1599,3/12/2018,north
1518,3/12/2018,south
1602,3/12/2018,east
1659,3/12/2018,west
1644,3/13/2018,north
1611,3/13/2018,south
1554,3/13/2018,east
1515,3/13/2018,west
1515,3/14/2018,north
1632,3/14/2018,south
1512,3/14/2018,east
1776,3/14/2018,west
1677,3/15/2018,north
1503,3/15/2018,south
1605,3/15/2018,east
1647,3/15/2018,west
1506,3/16/2018,north
1737,3/16/2018,south
1590,3/16/2018,east
1767,3/16/2018,west
1593,3/17/2018,north
1614,3/17/2018,south
1710,3/17/2018,east
1662,3/17/2018,west
1650,3/18/2018,north
1755,3/18/2018,south
1698,3/18/2018,east
1659,3/18/2018,west
1683,3/19/2018,north
1509,3/19/2018,south
1500,3/19/2018,east
1545,3/19/2018,west
1647,3/20/2018,north
1614,3/20/2018,south
1629,3/20/2018,east
1677,3/20/2018,west
1743,3/21/2018,north
1569,3/21/2018,south
1593,3/21/2018,east
1578,3/21/2018,west
1578,3/22/2018,north
1581,3/22/2018,south
1653,3/22/2018,east
1578,3/22/2018,west
1761,3/23/2018,north
1611,3/23/2018,south
1749,3/23/2018,east
1764,3/23/2018,west
1716,3/24/2018,north
1710,3/24/2018,south
1800,3/24/2018,east
1728,3/24/2018,west
1743,3/25/2018,north
1764,3/25/2018,south
1740,3/25/2018,east
1707,3/25/2018,west
1509,3/26/2018,north
1641,3/26/2018,south
1533,3/26/2018,east
1752,3/26/2018,west
1767,3/27/2018,north
1590,3/27/2018,south
1533,3/27/2018,east
1704,3/27/2018,west
1671,3/28/2018,north
1527,3/28/2018,south
1524,3/28/2018,east
1629,3/28/2018,west
1722,3/29/2018,north
1557,3/29/2018,south
1686,3/29/2018,east
1779,3/29/2018,west
1734,3/30/2018,north
1776,3/30/2018,south
1554,3/30/2018,east
1725,3/30/2018,west
1617,3/31/2018,north
1635,3/31/2018,south
1605,3/31/2018,east
1785,3/31/2018,west
1761,4/1/2018,north
1530,4/1/2018,south
1710,4/1/2018,east
1506,4/1/2018,west
1509,4/2/2018,north
1797,4/2/2018,south
1662,4/2/2018,east
1530,4/2/2018,west
1767,4/3/2018,north
1767,4/3/2018,south
1614,4/3/2018,east
1533,4/3/2018,west
1767,4/4/2018,north
1761,4/4/2018,south
1566,4/4/2018,east
1623,4/4/2018,west
1506,4/5/2018,north
1512,4/5/2018,south
1692,4/5/2018,east
1749,4/5/2018,west
1701,4/6/2018,north
1752,4/6/2018,south
1632,4/6/2018,east
1515,4/6/2018,west
1725,4/7/2018,north
1611,4/7/2018,south
1788,4/7/2018,east
1617,4/7/2018,west
1656,4/8/2018,north
1674,4/8/2018,south
1557,4/8/2018,east
1701,4/8/2018,west
1686,4/9/2018,north
1782,4/9/2018,south
1641,4/9/2018,east
1557,4/9/2018,west
1686,4/10/2018,north
1527,4/10/2018,south
1698,4/10/2018,east
1728,4/10/2018,west
1671,4/11/2018,north
1527,4/11/2018,south
1581,4/11/2018,east
1764,4/11/2018,west
1653,4/12/2018,north
1626,4/12/2018,south
1782,4/12/2018,east
1749,4/12/2018,west
1539,4/13/2018,north
1752,4/13/2018,south
1674,4/13/2018,east
1749,4/13/2018,west
1569,4/14/2018,north
1794,4/14/2018,south
1674,4/14/2018,east
1638,4/14/2018,west
1515,4/15/2018,north
1527,4/15/2018,south
1602,4/15/2018,east
1653,4/15/2018,west
1602,4/16/2018,north
1707,4/16/2018,south
1548,4/16/2018,east
1527,4/16/2018,west
1599,4/17/2018,north
1728,4/17/2018,south
1704,4/17/2018,east
1539,4/17/2018,west
1545,4/18/2018,north
1797,4/18/2018,south
1515,4/18/2018,east
1719,4/18/2018,west
1713,4/19/2018,north
1674,4/19/2018,south
1767,4/19/2018,east
1767,4/19/2018,west
1668,4/20/2018,north
1620,4/20/2018,south
1677,4/20/2018,east
1509,4/20/2018,west
1683,4/21/2018,north
1743,4/21/2018,south
1644,4/21/2018,east
1578,4/21/2018,west
1572,4/22/2018,north
1545,4/22/2018,south
1557,4/22/2018,east
1626,4/22/2018,west
1710,4/23/2018,north
1659,4/23/2018,south
1665,4/23/2018,east
1521,4/23/2018,west
1503,4/24/2018,north
1650,4/24/2018,south
1689,4/24/2018,east
1743,4/24/2018,west
1623,4/25/2018,north
1503,4/25/2018,south
1758,4/25/2018,east
1557,4/25/2018,west
1713,4/26/2018,north
1734,4/26/2018,south
1740,4/26/2018,east
1563,4/26/2018,west
1716,4/27/2018,north
1791,4/27/2018,south
1674,4/27/2018,east
1716,4/27/2018,west
1632,4/28/2018,north
1641,4/28/2018,south
1584,4/28/2018,east
1590,4/28/2018,west
1713,4/29/2018,north
1593,4/29/2018,south
1740,4/29/2018,east
1638,4/29/2018,west
1653,4/30/2018,north
1590,4/30/2018,south
1593,4/30/2018,east
1602,4/30/2018,west
1785,5/1/2018,north
1764,5/1/2018,south
1506,5/1/2018,east
1536,5/1/2018,west
1623,5/2/2018,north
1674,5/2/2018,south
1791,5/2/2018,east
1653,5/2/2018,west
1785,5/3/2018,north
1569,5/3/2018,south
1500,5/3/2018,east
1770,5/3/2018,west
1653,5/4/2018,north
1590,5/4/2018,south
1671,5/4/2018,east
1629,5/4/2018,west
1578,5/5/2018,north
1665,5/5/2018,south
1575,5/5/2018,east
1587,5/5/2018,west
1674,5/6/2018,north
1785,5/6/2018,south
1719,5/6/2018,east
1617,5/6/2018,west
1794,5/7/2018,north
1563,5/7/2018,south
1728,5/7/2018,east
1740,5/7/2018,west
1617,5/8/2018,north
1650,5/8/2018,south
1728,5/8/2018,east
1635,5/8/2018,west
1584,5/9/2018,north
1647,5/9/2018,south
1551,5/9/2018,east
1512,5/9/2018,west
1737,5/10/2018,north
1551,5/10/2018,south
1515,5/10/2018,east
1716,5/10/2018,west
1746,5/11/2018,north
1677,5/11/2018,south
1584,5/11/2018,east
1617,5/11/2018,west
1743,5/12/2018,north
1533,5/12/2018,south
1521,5/12/2018,east
1578,5/12/2018,west
1545,5/13/2018,north
1713,5/13/2018,south
1665,5/13/2018,east
1644,5/13/2018,west
1776,5/14/2018,north
1560,5/14/2018,south
1644,5/14/2018,east
1503,5/14/2018,west
1800,5/15/2018,north
1758,5/15/2018,south
1701,5/15/2018,east
1671,5/15/2018,west
1593,5/16/2018,north
1617,5/16/2018,south
1626,5/16/2018,east
1629,5/16/2018,west
1728,5/17/2018,north
1506,5/17/2018,south
1590,5/17/2018,east
1626,5/17/2018,west
1782,5/18/2018,north
1572,5/18/2018,south
1539,5/18/2018,east
1509,5/18/2018,west
1788,5/19/2018,north
1713,5/19/2018,south
1626,5/19/2018,east
1629,5/19/2018,west
1548,5/20/2018,north
1716,5/20/2018,south
1752,5/20/2018,east
1638,5/20/2018,west
1575,5/21/2018,north
1671,5/21/2018,south
1626,5/21/2018,east
1572,5/21/2018,west
1572,5/22/2018,north
1569,5/22/2018,south
1581,5/22/2018,east
1521,5/22/2018,west
1641,5/23/2018,north
1692,5/23/2018,south
1713,5/23/2018,east
1563,5/23/2018,west
1524,5/24/2018,north
1533,5/24/2018,south
1695,5/24/2018,east
1533,5/24/2018,west
1599,5/25/2018,north
1665,5/25/2018,south
1713,5/25/2018,east
1644,5/25/2018,west
1776,5/26/2018,north
1530,5/26/2018,south
1650,5/26/2018,east
1512,5/26/2018,west
1629,5/27/2018,north
1707,5/27/2018,south
1521,5/27/2018,east
1761,5/27/2018,west
1755,5/28/2018,north
1659,5/28/2018,south
1800,5/28/2018,east
1539,5/28/2018,west
1713,5/29/2018,north
1752,5/29/2018,south
1629,5/29/2018,east
1635,5/29/2018,west
1674,5/30/2018,north
1701,5/30/2018,south
1614,5/30/2018,east
1794,5/30/2018,west
1725,5/31/2018,north
1659,5/31/2018,south
1536,5/31/2018,east
1620,5/31/2018,west
1794,6/1/2018,north
1623,6/1/2018,south
1665,6/1/2018,east
1671,6/1/2018,west
1752,6/2/2018,north
1707,6/2/2018,south
1797,6/2/2018,east
1668,6/2/2018,west
1596,6/3/2018,north
1503,6/3/2018,south
1578,6/3/2018,east
1680,6/3/2018,west
1608,6/4/2018,north
1683,6/4/2018,south
1572,6/4/2018,east
1656,6/4/2018,west
1713,6/5/2018,north
1698,6/5/2018,south
1557,6/5/2018,east
1782,6/5/2018,west
1695,6/6/2018,north
1680,6/6/2018,south
1761,6/6/2018,east
1659,6/6/2018,west
1518,6/7/2018,north
1572,6/7/2018,south
1785,6/7/2018,east
1557,6/7/2018,west
1719,6/8/2018,north
1677,6/8/2018,south
1695,6/8/2018,east
1602,6/8/2018,west
1782,6/9/2018,north
1773,6/9/2018,south
1656,6/9/2018,east
1665,6/9/2018,west
1578,6/10/2018,north
1641,6/10/2018,south
1737,6/10/2018,east
1557,6/10/2018,west
1788,6/11/2018,north
1677,6/11/2018,south
1698,6/11/2018,east
1728,6/11/2018,west
1776,6/12/2018,north
1551,6/12/2018,south
1548,6/12/2018,east
1542,6/12/2018,west
1683,6/13/2018,north
1683,6/13/2018,south
1572,6/13/2018,east
1683,6/13/2018,west
1761,6/14/2018,north
1668,6/14/2018,south
1599,6/14/2018,east
1593,6/14/2018,west
1623,6/15/2018,north
1737,6/15/2018,south
1593,6/15/2018,east
1788,6/15/2018,west
1659,6/16/2018,north
1641,6/16/2018,south
1575,6/16/2018,east
1611,6/16/2018,west
1599,6/17/2018,north
1530,6/17/2018,south
1608,6/17/2018,east
1626,6/17/2018,west
1530,6/18/2018,north
1707,6/18/2018,south
1611,6/18/2018,east
1635,6/18/2018,west
1593,6/19/2018,north
1749,6/19/2018,south
1623,6/19/2018,east
1608,6/19/2018,west
1665,6/20/2018,north
1659,6/20/2018,south
1734,6/20/2018,east
1557,6/20/2018,west
1797,6/21/2018,north
1587,6/21/2018,south
1557,6/21/2018,east
1542,6/21/2018,west
1743,6/22/2018,north
1797,6/22/2018,south
1686,6/22/2018,east
1683,6/22/2018,west
1791,6/23/2018,north
1554,6/23/2018,south
1695,6/23/2018,east
1566,6/23/2018,west
1563,6/24/2018,north
1623,6/24/2018,south
1530,6/24/2018,east
1662,6/24/2018,west
1650,6/25/2018,north
1602,6/25/2018,south
1548,6/25/2018,east
1623,6/25/2018,west
1728,6/26/2018,north
1533,6/26/2018,south
1503,6/26/2018,east
1629,6/26/2018,west
1581,6/27/2018,north
1659,6/27/2018,south
1707,6/27/2018,east
1665,6/27/2018,west
1563,6/28/2018,north
1638,6/28/2018,south
1692,6/28/2018,east
1503,6/28/2018,west
1686,6/29/2018,north
1764,6/29/2018,south
1629,6/29/2018,east
1779,6/29/2018,west
1554,6/30/2018,north
1653,6/30/2018,south
1515,6/30/2018,east
1557,6/30/2018,west
1746,7/1/2018,north
1671,7/1/2018,south
1716,7/1/2018,east
1554,7/1/2018,west
1695,7/2/2018,north
1611,7/2/2018,south
1680,7/2/2018,east
1671,7/2/2018,west
1644,7/3/2018,north
1638,7/3/2018,south
1623,7/3/2018,east
1515,7/3/2018,west
1743,7/4/2018,north
1587,7/4/2018,south
1764,7/4/2018,east
1572,7/4/2018,west
1752,7/5/2018,north
1647,7/5/2018,south
1575,7/5/2018,east
1500,7/5/2018,west
1743,7/6/2018,north
1566,7/6/2018,south
1758,7/6/2018,east
1689,7/6/2018,west
1776,7/7/2018,north
1770,7/7/2018,south
1695,7/7/2018,east
1566,7/7/2018,west
1623,7/8/2018,north
1776,7/8/2018,south
1515,7/8/2018,east
1761,7/8/2018,west
1623,7/9/2018,north
1788,7/9/2018,south
1542,7/9/2018,east
1515,7/9/2018,west
1794,7/10/2018,north
1794,7/10/2018,south
1755,7/10/2018,east
1761,7/10/2018,west
1605,7/11/2018,north
1569,7/11/2018,south
1638,7/11/2018,east
1677,7/11/2018,west
1593,7/12/2018,north
1500,7/12/2018,south
1539,7/12/2018,east
1719,7/12/2018,west
1749,7/13/2018,north
1596,7/13/2018,south
1680,7/13/2018,east
1509,7/13/2018,west
1500,7/14/2018,north
1653,7/14/2018,south
1620,7/14/2018,east
1575,7/14/2018,west
1737,7/15/2018,north
1713,7/15/2018,south
1698,7/15/2018,east
1539,7/15/2018,west
1773,7/16/2018,north
1707,7/16/2018,south
1554,7/16/2018,east
1515,7/16/2018,west
1551,7/17/2018,north
1566,7/17/2018,south
1788,7/17/2018,east
1614,7/17/2018,west
1704,7/18/2018,north
1656,7/18/2018,south
1530,7/18/2018,east
1659,7/18/2018,west
1620,7/19/2018,north
1725,7/19/2018,south
1704,7/19/2018,east
1527,7/19/2018,west
1731,7/20/2018,north
1761,7/20/2018,south
1644,7/20/2018,east
1653,7/20/2018,west
1725,7/21/2018,north
1698,7/21/2018,south
1662,7/21/2018,east
1656,7/21/2018,west
1608,7/22/2018,north
1773,7/22/2018,south
1659,7/22/2018,east
1647,7/22/2018,west
1638,7/23/2018,north
1623,7/23/2018,south
1719,7/23/2018,east
1629,7/23/2018,west
1701,7/24/2018,north
1725,7/24/2018,south
1752,7/24/2018,east
1557,7/24/2018,west
1500,7/25/2018,north
1707,7/25/2018,south
1533,7/25/2018,east
1737,7/25/2018,west
1605,7/26/2018,north
1767,7/26/2018,south
1551,7/26/2018,east
1521,7/26/2018,west
1659,7/27/2018,north
1611,7/27/2018,south
1695,7/27/2018,east
1632,7/27/2018,west
1515,7/28/2018,north
1584,7/28/2018,south
1596,7/28/2018,east
1743,7/28/2018,west
1791,7/29/2018,north
1599,7/29/2018,south
1749,7/29/2018,east
1755,7/29/2018,west
1755,7/30/2018,north
1662,7/30/2018,south
1509,7/30/2018,east
1776,7/30/2018,west
1695,7/31/2018,north
1707,7/31/2018,south
1548,7/31/2018,east
1578,7/31/2018,west
1563,8/1/2018,north
1674,8/1/2018,south
1554,8/1/2018,east
1665,8/1/2018,west
1527,8/2/2018,north
1617,8/2/2018,south
1548,8/2/2018,east
1671,8/2/2018,west
1668,8/3/2018,north
1671,8/3/2018,south
1719,8/3/2018,east
1668,8/3/2018,west
1536,8/4/2018,north
1734,8/4/2018,south
1743,8/4/2018,east
1776,8/4/2018,west
1650,8/5/2018,north
1599,8/5/2018,south
1614,8/5/2018,east
1773,8/5/2018,west
1611,8/6/2018,north
1605,8/6/2018,south
1554,8/6/2018,east
1788,8/6/2018,west
1566,8/7/2018,north
1560,8/7/2018,south
1551,8/7/2018,east
1626,8/7/2018,west
1665,8/8/2018,north
1539,8/8/2018,south
1506,8/8/2018,east
1617,8/8/2018,west
1797,8/9/2018,north
1794,8/9/2018,south
1620,8/9/2018,east
1683,8/9/2018,west
1620,8/10/2018,north
1554,8/10/2018,south
1701,8/10/2018,east
1785,8/10/2018,west
1689,8/11/2018,north
1650,8/11/2018,south
1533,8/11/2018,east
1587,8/11/2018,west
1509,8/12/2018,north
1743,8/12/2018,south
1719,8/12/2018,east
1743,8/12/2018,west
1701,8/13/2018,north
1629,8/13/2018,south
1638,8/13/2018,east
1611,8/13/2018,west
1623,8/14/2018,north
1635,8/14/2018,south
1716,8/14/2018,east
1707,8/14/2018,west
1602,8/15/2018,north
1542,8/15/2018,south
1800,8/15/2018,east
1734,8/15/2018,west
1788,8/16/2018,north
1614,8/16/2018,south
1743,8/16/2018,east
1770,8/16/2018,west
1776,8/17/2018,north
1713,8/17/2018,south
1623,8/17/2018,east
1752,8/17/2018,west
1527,8/18/2018,north
1776,8/18/2018,south
1689,8/18/2018,east
1713,8/18/2018,west
1509,8/19/2018,north
1575,8/19/2018,south
1701,8/19/2018,east
1575,8/19/2018,west
1581,8/20/2018,north
1779,8/20/2018,south
1662,8/20/2018,east
1506,8/20/2018,west
1794,8/21/2018,north
1659,8/21/2018,south
1644,8/21/2018,east
1707,8/21/2018,west
1704,8/22/2018,north
1500,8/22/2018,south
1539,8/22/2018,east
1800,8/22/2018,west
1557,8/23/2018,north
1554,8/23/2018,south
1788,8/23/2018,east
1563,8/23/2018,west
1548,8/24/2018,north
1560,8/24/2018,south
1734,8/24/2018,east
1644,8/24/2018,west
1629,8/25/2018,north
1677,8/25/2018,south
1764,8/25/2018,east
1515,8/25/2018,west
1542,8/26/2018,north
1545,8/26/2018,south
1668,8/26/2018,east
1584,8/26/2018,west
1605,8/27/2018,north
1740,8/27/2018,south
1602,8/27/2018,east
1509,8/27/2018,west
1566,8/28/2018,north
1680,8/28/2018,south
1656,8/28/2018,east
1722,8/28/2018,west
1662,8/29/2018,north
1794,8/29/2018,south
1734,8/29/2018,east
1647,8/29/2018,west
1635,8/30/2018,north
1743,8/30/2018,south
1665,8/30/2018,east
1770,8/30/2018,west
1749,8/31/2018,north
1695,8/31/2018,south
1644,8/31/2018,east
1602,8/31/2018,west
1560,9/1/2018,north
1500,9/1/2018,south
1719,9/1/2018,east
1557,9/1/2018,west
1527,9/2/2018,north
1653,9/2/2018,south
1506,9/2/2018,east
1575,9/2/2018,west
1749,9/3/2018,north
1770,9/3/2018,south
1674,9/3/2018,east
1650,9/3/2018,west
1794,9/4/2018,north
1509,9/4/2018,south
1785,9/4/2018,east
1539,9/4/2018,west
1731,9/5/2018,north
1617,9/5/2018,south
1656,9/5/2018,east
1599,9/5/2018,west
1713,9/6/2018,north
1506,9/6/2018,south
1758,9/6/2018,east
1650,9/6/2018,west
1791,9/7/2018,north
1623,9/7/2018,south
1776,9/7/2018,east
1653,9/7/2018,west
1659,9/8/2018,north
1755,9/8/2018,south
1533,9/8/2018,east
1557,9/8/2018,west
1527,9/9/2018,north
1614,9/9/2018,south
1638,9/9/2018,east
1704,9/9/2018,west
1650,9/10/2018,north
1656,9/10/2018,south
1782,9/10/2018,east
1527,9/10/2018,west
1578,9/11/2018,north
1767,9/11/2018,south
1749,9/11/2018,east
1524,9/11/2018,west
1719,9/12/2018,north
1695,9/12/2018,south
1740,9/12/2018,east
1533,9/12/2018,west
1653,9/13/2018,north
1560,9/13/2018,south
1677,9/13/2018,east
1539,9/13/2018,west
1713,9/14/2018,north
1554,9/14/2018,south
1743,9/14/2018,east
1701,9/14/2018,west
1587,9/15/2018,north
1512,9/15/2018,south
1698,9/15/2018,east
1746,9/15/2018,west
1554,9/16/2018,north
1554,9/16/2018,south
1782,9/16/2018,east
1782,9/16/2018,west
1764,9/17/2018,north
1620,9/17/2018,south
1545,9/17/2018,east
1722,9/17/2018,west
1503,9/18/2018,north
1530,9/18/2018,south
1737,9/18/2018,east
1692,9/18/2018,west
1542,9/19/2018,north
1758,9/19/2018,south
1779,9/19/2018,east
1593,9/19/2018,west
1686,9/20/2018,north
1749,9/20/2018,south
1662,9/20/2018,east
1569,9/20/2018,west
1590,9/21/2018,north
1665,9/21/2018,south
1716,9/21/2018,east
1704,9/21/2018,west
1632,9/22/2018,north
1581,9/22/2018,south
1758,9/22/2018,east
1641,9/22/2018,west
1731,9/23/2018,north
1677,9/23/2018,south
1728,9/23/2018,east
1755,9/23/2018,west
1611,9/24/2018,north
1593,9/24/2018,south
1797,9/24/2018,east
1560,9/24/2018,west
1530,9/25/2018,north
1770,9/25/2018,south
1611,9/25/2018,east
1701,9/25/2018,west
1617,9/26/2018,north
1515,9/26/2018,south
1713,9/26/2018,east
1500,9/26/2018,west
1632,9/27/2018,north
1713,9/27/2018,south
1743,9/27/2018,east
1587,9/27/2018,west
1749,9/28/2018,north
1533,9/28/2018,south
1653,9/28/2018,east
1512,9/28/2018,west
1518,9/29/2018,north
1623,9/29/2018,south
1701,9/29/2018,east
1596,9/29/2018,west
1746,9/30/2018,north
1536,9/30/2018,south
1659,9/30/2018,east
1524,9/30/2018,west
1782,10/1/2018,north
1632,10/1/2018,south
1755,10/1/2018,east
1650,10/1/2018,west
1680,10/2/2018,north
1701,10/2/2018,south
1800,10/2/2018,east
1740,10/2/2018,west
1563,10/3/2018,north
1788,10/3/2018,south
1536,10/3/2018,east
1764,10/3/2018,west
1512,10/4/2018,north
1560,10/4/2018,south
1626,10/4/2018,east
1797,10/4/2018,west
1779,10/5/2018,north
1683,10/5/2018,south
1713,10/5/2018,east
1794,10/5/2018,west
1584,10/6/2018,north
1647,10/6/2018,south
1596,10/6/2018,east
1515,10/6/2018,west
1533,10/7/2018,north
1608,10/7/2018,south
1794,10/7/2018,east
1578,10/7/2018,west
1701,10/8/2018,north
1617,10/8/2018,south
1779,10/8/2018,east
1785,10/8/2018,west
1680,10/9/2018,north
1590,10/9/2018,south
1551,10/9/2018,east
1587,10/9/2018,west
1749,10/10/2018,north
1701,10/10/2018,south
1599,10/10/2018,east
1506,10/10/2018,west
1596,10/11/2018,north
1800,10/11/2018,south
1749,10/11/2018,east
1674,10/11/2018,west
1782,10/12/2018,north
1647,10/12/2018,south
1542,10/12/2018,east
1656,10/12/2018,west
1581,10/13/2018,north
1713,10/13/2018,south
1722,10/13/2018,east
1686,10/13/2018,west
1728,10/14/2018,north
1755,10/14/2018,south
1503,10/14/2018,east
1602,10/14/2018,west
1605,10/15/2018,north
1719,10/15/2018,south
1548,10/15/2018,east
1626,10/15/2018,west
1551,10/16/2018,north
1662,10/16/2018,south
1650,10/16/2018,east
1788,10/16/2018,west
1536,10/17/2018,north
1551,10/17/2018,south
1656,10/17/2018,east
1644,10/17/2018,west
1692,10/18/2018,north
1518,10/18/2018,south
1509,10/18/2018,east
1674,10/18/2018,west
1521,10/19/2018,north
1632,10/19/2018,south
1794,10/19/2018,east
1689,10/19/2018,west
1692,10/20/2018,north
1662,10/20/2018,south
1776,10/20/2018,east
1710,10/20/2018,west
1569,10/21/2018,north
1704,10/21/2018,south
1767,10/21/2018,east
1767,10/21/2018,west
1542,10/22/2018,north
1707,10/22/2018,south
1578,10/22/2018,east
1521,10/22/2018,west
1764,10/23/2018,north
1683,10/23/2018,south
1602,10/23/2018,east
1755,10/23/2018,west
1650,10/24/2018,north
1629,10/24/2018,south
1692,10/24/2018,east
1542,10/24/2018,west
1629,10/25/2018,north
1587,10/25/2018,south
1635,10/25/2018,east
1653,10/25/2018,west
1596,10/26/2018,north
1524,10/26/2018,south
1545,10/26/2018,east
1707,10/26/2018,west
1509,10/27/2018,north
1509,10/27/2018,south
1686,10/27/2018,east
1785,10/27/2018,west
1635,10/28/2018,north
1752,10/28/2018,south
1785,10/28/2018,east
1755,10/28/2018,west
1707,10/29/2018,north
1701,10/29/2018,south
1599,10/29/2018,east
1782,10/29/2018,west
1677,10/30/2018,north
1719,10/30/2018,south
1530,10/30/2018,east
1776,10/30/2018,west
1674,10/31/2018,north
1641,10/31/2018,south
1596,10/31/2018,east
1506,10/31/2018,west
1692,11/1/2018,north
1623,11/1/2018,south
1593,11/1/2018,east
1551,11/1/2018,west
1728,11/2/2018,north
1608,11/2/2018,south
1530,11/2/2018,east
1791,11/2/2018,west
1704,11/3/2018,north
1653,11/3/2018,south
1548,11/3/2018,east
1626,11/3/2018,west
1695,11/4/2018,north
1590,11/4/2018,south
1530,11/4/2018,east
1644,11/4/2018,west
1611,11/5/2018,north
1617,11/5/2018,south
1776,11/5/2018,east
1641,11/5/2018,west
1740,11/6/2018,north
1590,11/6/2018,south
1773,11/6/2018,east
1641,11/6/2018,west
1527,11/7/2018,north
1755,11/7/2018,south
1650,11/7/2018,east
1593,11/7/2018,west
1548,11/8/2018,north
1623,11/8/2018,south
1500,11/8/2018,east
1569,11/8/2018,west
1647,11/9/2018,north
1662,11/9/2018,south
1710,11/9/2018,east
1719,11/9/2018,west
1590,11/10/2018,north
1539,11/10/2018,south
1566,11/10/2018,east
1770,11/10/2018,west
1722,11/11/2018,north
1524,11/11/2018,south
1641,11/11/2018,east
1662,11/11/2018,west
1716,11/12/2018,north
1611,11/12/2018,south
1569,11/12/2018,east
1797,11/12/2018,west
1698,11/13/2018,north
1581,11/13/2018,south
1776,11/13/2018,east
1644,11/13/2018,west
1563,11/14/2018,north
1707,11/14/2018,south
1533,11/14/2018,east
1572,11/14/2018,west
1623,11/15/2018,north
1698,11/15/2018,south
1521,11/15/2018,east
1707,11/15/2018,west
1587,11/16/2018,north
1776,11/16/2018,south
1662,11/16/2018,east
1578,11/16/2018,west
1554,11/17/2018,north
1515,11/17/2018,south
1602,11/17/2018,east
1557,11/17/2018,west
1521,11/18/2018,north
1740,11/18/2018,south
1617,11/18/2018,east
1647,11/18/2018,west
1551,11/19/2018,north
1500,11/19/2018,south
1725,11/19/2018,east
1563,11/19/2018,west
1791,11/20/2018,north
1578,11/20/2018,south
1632,11/20/2018,east
1674,11/20/2018,west
1617,11/21/2018,north
1509,11/21/2018,south
1644,11/21/2018,east
1542,11/21/2018,west
1650,11/22/2018,north
1758,11/22/2018,south
1710,11/22/2018,east
1737,11/22/2018,west
1779,11/23/2018,north
1743,11/23/2018,south
1560,11/23/2018,east
1719,11/23/2018,west
1689,11/24/2018,north
1605,11/24/2018,south
1683,11/24/2018,east
1518,11/24/2018,west
1665,11/25/2018,north
1671,11/25/2018,south
1704,11/25/2018,east
1731,11/25/2018,west
1653,11/26/2018,north
1542,11/26/2018,south
1659,11/26/2018,east
1650,11/26/2018,west
1773,11/27/2018,north
1647,11/27/2018,south
1725,11/27/2018,east
1644,11/27/2018,west
1767,11/28/2018,north
1728,11/28/2018,south
1719,11/28/2018,east
1677,11/28/2018,west
1686,11/29/2018,north
1527,11/29/2018,south
1689,11/29/2018,east
1686,11/29/2018,west
1641,11/30/2018,north
1665,11/30/2018,south
1755,11/30/2018,east
1551,11/30/2018,west
1665,12/1/2018,north
1527,12/1/2018,south
1536,12/1/2018,east
1656,12/1/2018,west
1563,12/2/2018,north
1554,12/2/2018,south
1602,12/2/2018,east
1737,12/2/2018,west
1506,12/3/2018,north
1755,12/3/2018,south
1572,12/3/2018,east
1608,12/3/2018,west
1722,12/4/2018,north
1788,12/4/2018,south
1788,12/4/2018,east
1587,12/4/2018,west
1677,12/5/2018,north
1725,12/5/2018,south
1731,12/5/2018,east
1518,12/5/2018,west
1737,12/6/2018,north
1797,12/6/2018,south
1662,12/6/2018,east
1662,12/6/2018,west
1716,12/7/2018,north
1596,12/7/2018,south
1653,12/7/2018,east
1635,12/7/2018,west
1782,12/8/2018,north
1773,12/8/2018,south
1755,12/8/2018,east
1719,12/8/2018,west
1737,12/9/2018,north
1548,12/9/2018,south
1665,12/9/2018,east
1659,12/9/2018,west
1659,12/10/2018,north
1575,12/10/2018,south
1509,12/10/2018,east
1767,12/10/2018,west
1509,12/11/2018,north
1527,12/11/2018,south
1575,12/11/2018,east
1620,12/11/2018,west
1623,12/12/2018,north
1623,12/12/2018,south
1773,12/12/2018,east
1743,12/12/2018,west
1719,12/13/2018,north
1782,12/13/2018,south
1713,12/13/2018,east
1593,12/13/2018,west
1716,12/14/2018,north
1686,12/14/2018,south
1569,12/14/2018,east
1704,12/14/2018,west
1554,12/15/2018,north
1545,12/15/2018,south
1587,12/15/2018,east
1800,12/15/2018,west
1635,12/16/2018,north
1620,12/16/2018,south
1800,12/16/2018,east
1641,12/16/2018,west
1635,12/17/2018,north
1527,12/17/2018,south
1626,12/17/2018,east
1716,12/17/2018,west
1755,12/18/2018,north
1755,12/18/2018,south
1605,12/18/2018,east
1779,12/18/2018,west
1566,12/19/2018,north
1566,12/19/2018,south
1797,12/19/2018,east
1770,12/19/2018,west
1731,12/20/2018,north
1551,12/20/2018,south
1767,12/20/2018,east
1626,12/20/2018,west
1659,12/21/2018,north
1710,12/21/2018,south
1542,12/21/2018,east
1569,12/21/2018,west
1776,12/22/2018,north
1578,12/22/2018,south
1668,12/22/2018,east
1527,12/22/2018,west
1770,12/23/2018,north
1623,12/23/2018,south
1710,12/23/2018,east
1731,12/23/2018,west
1740,12/24/2018,north
1632,12/24/2018,south
1719,12/24/2018,east
1500,12/24/2018,west
1512,12/25/2018,north
1605,12/25/2018,south
1623,12/25/2018,east
1533,12/25/2018,west
1683,12/26/2018,north
1734,12/26/2018,south
1545,12/26/2018,east
1587,12/26/2018,west
1578,12/27/2018,north
1650,12/27/2018,south
1632,12/27/2018,east
1713,12/27/2018,west
1650,12/28/2018,north
1794,12/28/2018,south
1764,12/28/2018,east
1797,12/28/2018,west
1626,12/29/2018,north
1794,12/29/2018,south
1695,12/29/2018,east
1740,12/29/2018,west
1758,12/30/2018,north
1785,12/30/2018,south
1599,12/30/2018,east
1689,12/30/2018,west
1527,12/31/2018,north
1710,12/31/2018,south
1590,12/31/2018,east
1653,12/31/2018,west
1518,1/1/2019,north
1632,1/1/2019,south
1755,1/1/2019,east
1551,1/1/2019,west
1767,1/2/2019,north
1605,1/2/2019,south
1692,1/2/2019,east
1794,1/2/2019,west
1695,1/3/2019,north
1737,1/3/2019,south
1575,1/3/2019,east
1509,1/3/2019,west
1590,1/4/2019,north
1500,1/4/2019,south
1590,1/4/2019,east
1638,1/4/2019,west
1761,1/5/2019,north
1590,1/5/2019,south
1725,1/5/2019,east
1551,1/5/2019,west
1644,1/6/2019,north
1779,1/6/2019,south
1794,1/6/2019,east
1638,1/6/2019,west
1644,1/7/2019,north
1647,1/7/2019,south
1692,1/7/2019,east
1623,1/7/2019,west
1722,1/8/2019,north
1551,1/8/2019,south
1731,1/8/2019,east
1701,1/8/2019,west
1500,1/9/2019,north
1764,1/9/2019,south
1764,1/9/2019,east
1635,1/9/2019,west
1767,1/10/2019,north
1551,1/10/2019,south
1512,1/10/2019,east
1686,1/10/2019,west
1662,1/11/2019,north
1512,1/11/2019,south
1608,1/11/2019,east
1611,1/11/2019,west
1566,1/12/2019,north
1773,1/12/2019,south
1707,1/12/2019,east
1752,1/12/2019,west
1551,1/13/2019,north
1503,1/13/2019,south
1536,1/13/2019,east
1728,1/13/2019,west
1692,1/14/2019,north
1521,1/14/2019,south
1698,1/14/2019,east
1791,1/14/2019,west
1605,1/15/2019,north
1761,1/15/2019,south
1617,1/15/2019,east
1503,1/15/2019,west
1548,1/16/2019,north
1734,1/16/2019,south
1506,1/16/2019,east
1533,1/16/2019,west
1590,1/17/2019,north
1707,1/17/2019,south
1509,1/17/2019,east
1653,1/17/2019,west
1572,1/18/2019,north
1563,1/18/2019,south
1635,1/18/2019,east
1734,1/18/2019,west
1587,1/19/2019,north
1506,1/19/2019,south
1689,1/19/2019,east
1701,1/19/2019,west
1707,1/20/2019,north
1557,1/20/2019,south
1722,1/20/2019,east
1629,1/20/2019,west
1611,1/21/2019,north
1515,1/21/2019,south
1614,1/21/2019,east
1593,1/21/2019,west
1719,1/22/2019,north
1506,1/22/2019,south
1794,1/22/2019,east
1731,1/22/2019,west
1662,1/23/2019,north
1728,1/23/2019,south
1563,1/23/2019,east
1662,1/23/2019,west
1647,1/24/2019,north
1638,1/24/2019,south
1557,1/24/2019,east
1518,1/24/2019,west
1560,1/25/2019,north
1656,1/25/2019,south
1707,1/25/2019,east
1767,1/25/2019,west
1671,1/26/2019,north
1686,1/26/2019,south
1653,1/26/2019,east
1647,1/26/2019,west
1524,1/27/2019,north
1503,1/27/2019,south
1533,1/27/2019,east
1785,1/27/2019,west
1731,1/28/2019,north
1782,1/28/2019,south
1560,1/28/2019,east
1782,1/28/2019,west
1500,1/29/2019,north
1728,1/29/2019,south
1605,1/29/2019,east
1614,1/29/2019,west
1782,1/30/2019,north
1638,1/30/2019,south
1797,1/30/2019,east
1641,1/30/2019,west
1650,1/31/2019,north
1536,1/31/2019,south
1599,1/31/2019,east
1740,1/31/2019,west
1749,2/1/2019,north
1581,2/1/2019,south
1662,2/1/2019,east
1509,2/1/2019,west
1596,2/2/2019,north
1638,2/2/2019,south
1746,2/2/2019,east
1611,2/2/2019,west
1602,2/3/2019,north
1722,2/3/2019,south
1734,2/3/2019,east
1749,2/3/2019,west
1548,2/4/2019,north
1647,2/4/2019,south
1560,2/4/2019,east
1542,2/4/2019,west
1617,2/5/2019,north
1659,2/5/2019,south
1674,2/5/2019,east
1524,2/5/2019,west
1551,2/6/2019,north
1722,2/6/2019,south
1563,2/6/2019,east
1692,2/6/2019,west
1734,2/7/2019,north
1584,2/7/2019,south
1662,2/7/2019,east
1545,2/7/2019,west
1662,2/8/2019,north
1614,2/8/2019,south
1719,2/8/2019,east
1788,2/8/2019,west
1779,2/9/2019,north
1665,2/9/2019,south
1605,2/9/2019,east
1641,2/9/2019,west
1725,2/10/2019,north
1611,2/10/2019,south
1560,2/10/2019,east
1575,2/10/2019,west
1563,2/11/2019,north
1773,2/11/2019,south
1536,2/11/2019,east
1551,2/11/2019,west
1572,2/12/2019,north
1608,2/12/2019,south
1752,2/12/2019,east
1734,2/12/2019,west
1686,2/13/2019,north
1782,2/13/2019,south
1500,2/13/2019,east
1731,2/13/2019,west
1725,2/14/2019,north
1578,2/14/2019,south
1560,2/14/2019,east
1644,2/14/2019,west
1566,2/15/2019,north
1584,2/15/2019,south
1695,2/15/2019,east
1734,2/15/2019,west
1794,2/16/2019,north
1731,2/16/2019,south
1674,2/16/2019,east
1599,2/16/2019,west
1512,2/17/2019,north
1653,2/17/2019,south
1722,2/17/2019,east
1641,2/17/2019,west
1695,2/18/2019,north
1749,2/18/2019,south
1728,2/18/2019,east
1764,2/18/2019,west
1716,2/19/2019,north
1599,2/19/2019,south
1596,2/19/2019,east
1644,2/19/2019,west
1740,2/20/2019,north
1641,2/20/2019,south
1566,2/20/2019,east
1656,2/20/2019,west
1599,2/21/2019,north
1725,2/21/2019,south
1731,2/21/2019,east
1719,2/21/2019,west
1770,2/22/2019,north
1794,2/22/2019,south
1725,2/22/2019,east
1713,2/22/2019,west
1599,2/23/2019,north
1743,2/23/2019,south
1518,2/23/2019,east
1614,2/23/2019,west
1692,2/24/2019,north
1755,2/24/2019,south
1653,2/24/2019,east
1524,2/24/2019,west
1635,2/25/2019,north
1734,2/25/2019,south
1713,2/25/2019,east
1578,2/25/2019,west
1566,2/26/2019,north
1653,2/26/2019,south
1506,2/26/2019,east
1656,2/26/2019,west
1593,2/27/2019,north
1545,2/27/2019,south
1734,2/27/2019,east
1635,2/27/2019,west
1710,2/28/2019,north
1569,2/28/2019,south
1731,2/28/2019,east
1599,2/28/2019,west
1593,3/1/2019,north
1707,3/1/2019,south
1638,3/1/2019,east
1539,3/1/2019,west
1782,3/2/2019,north
1794,3/2/2019,south
1608,3/2/2019,east
1689,3/2/2019,west
1698,3/3/2019,north
1518,3/3/2019,south
1593,3/3/2019,east
1611,3/3/2019,west
1587,3/4/2019,north
1686,3/4/2019,south
1518,3/4/2019,east
1632,3/4/2019,west
1566,3/5/2019,north
1569,3/5/2019,south
1743,3/5/2019,east
1557,3/5/2019,west
1746,3/6/2019,north
1662,3/6/2019,south
1674,3/6/2019,east
1608,3/6/2019,west
1551,3/7/2019,north
1581,3/7/2019,south
1560,3/7/2019,east
1674,3/7/2019,west
1521,3/8/2019,north
1782,3/8/2019,south
1617,3/8/2019,east
1797,3/8/2019,west
1533,3/9/2019,north
1749,3/9/2019,south
1656,3/9/2019,east
1644,3/9/2019,west
1545,3/10/2019,north
1776,3/10/2019,south
1650,3/10/2019,east
1737,3/10/2019,west
1659,3/11/2019,north
1722,3/11/2019,south
1689,3/11/2019,east
1692,3/11/2019,west
1518,3/12/2019,north
1581,3/12/2019,south
1626,3/12/2019,east
1668,3/12/2019,west
1524,3/13/2019,north
1797,3/13/2019,south
1542,3/13/2019,east
1653,3/13/2019,west
1677,3/14/2019,north
1524,3/14/2019,south
1692,3/14/2019,east
1704,3/14/2019,west
1647,3/15/2019,north
1671,3/15/2019,south
1563,3/15/2019,east
1650,3/15/2019,west
1563,3/16/2019,north
1680,3/16/2019,south
1728,3/16/2019,east
1680,3/16/2019,west
1683,3/17/2019,north
1638,3/17/2019,south
1545,3/17/2019,east
1671,3/17/2019,west
1701,3/18/2019,north
1515,3/18/2019,south
1764,3/18/2019,east
1668,3/18/2019,west
1677,3/19/2019,north
1752,3/19/2019,south
1635,3/19/2019,east
1605,3/19/2019,west
1635,3/20/2019,north
1596,3/20/2019,south
1608,3/20/2019,east
1779,3/20/2019,west
1776,3/21/2019,north
1635,3/21/2019,south
1791,3/21/2019,east
1779,3/21/2019,west
1746,3/22/2019,north
1545,3/22/2019,south
1767,3/22/2019,east
1731,3/22/2019,west
1734,3/23/2019,north
1509,3/23/2019,south
1686,3/23/2019,east
1797,3/23/2019,west
1566,3/24/2019,north
1557,3/24/2019,south
1797,3/24/2019,east
1755,3/24/2019,west
1650,3/25/2019,north
1500,3/25/2019,south
1554,3/25/2019,east
1734,3/25/2019,west
1701,3/26/2019,north
1782,3/26/2019,south
1797,3/26/2019,east
1557,3/26/2019,west
1668,3/27/2019,north
1575,3/27/2019,south
1608,3/27/2019,east
1527,3/27/2019,west
1518,3/28/2019,north
1509,3/28/2019,south
1767,3/28/2019,east
1557,3/28/2019,west
1605,3/29/2019,north
1686,3/29/2019,south
1656,3/29/2019,east
1653,3/29/2019,west
1722,3/30/2019,north
1593,3/30/2019,south
1557,3/30/2019,east
1710,3/30/2019,west
1785,3/31/2019,north
1710,3/31/2019,south
1653,3/31/2019,east
1572,3/31/2019,west
1512,4/1/2019,north
1794,4/1/2019,south
1569,4/1/2019,east
1608,4/1/2019,west
1623,4/2/2019,north
1791,4/2/2019,south
1785,4/2/2019,east
1629,4/2/2019,west
1539,4/3/2019,north
1626,4/3/2019,south
1695,4/3/2019,east
1518,4/3/2019,west
1530,4/4/2019,north
1683,4/4/2019,south
1662,4/4/2019,east
1632,4/4/2019,west
1614,4/5/2019,north
1605,4/5/2019,south
1662,4/5/2019,east
1713,4/5/2019,west
1749,4/6/2019,north
1713,4/6/2019,south
1716,4/6/2019,east
1557,4/6/2019,west
1605,4/7/2019,north
1635,4/7/2019,south
1518,4/7/2019,east
1632,4/7/2019,west
1713,4/8/2019,north
1779,4/8/2019,south
1743,4/8/2019,east
1575,4/8/2019,west
1728,4/9/2019,north
1719,4/9/2019,south
1755,4/9/2019,east
1617,4/9/2019,west
1542,4/10/2019,north
1626,4/10/2019,south
1509,4/10/2019,east
1638,4/10/2019,west
1581,4/11/2019,north
1680,4/11/2019,south
1569,4/11/2019,east
1635,4/11/2019,west
1539,4/12/2019,north
1587,4/12/2019,south
1593,4/12/2019,east
1581,4/12/2019,west
1515,4/13/2019,north
1611,4/13/2019,south
1644,4/13/2019,east
1794,4/13/2019,west
1500,4/14/2019,north
1737,4/14/2019,south
1722,4/14/2019,east
1764,4/14/2019,west
1530,4/15/2019,north
1602,4/15/2019,south
1524,4/15/2019,east
1770,4/15/2019,west
1596,4/16/2019,north
1668,4/16/2019,south
1584,4/16/2019,east
1713,4/16/2019,west
1569,4/17/2019,north
1686,4/17/2019,south
1647,4/17/2019,east
1509,4/17/2019,west
1590,4/18/2019,north
1650,4/18/2019,south
1557,4/18/2019,east
1575,4/18/2019,west
1773,4/19/2019,north
1629,4/19/2019,south
1524,4/19/2019,east
1512,4/19/2019,west
1521,4/20/2019,north
1653,4/20/2019,south
1584,4/20/2019,east
1713,4/20/2019,west
1683,4/21/2019,north
1749,4/21/2019,south
1545,4/21/2019,east
1629,4/21/2019,west
1533,4/22/2019,north
1587,4/22/2019,south
1671,4/22/2019,east
1650,4/22/2019,west
1668,4/23/2019,north
1674,4/23/2019,south
1728,4/23/2019,east
1518,4/23/2019,west
1554,4/24/2019,north
1719,4/24/2019,south
1746,4/24/2019,east
1665,4/24/2019,west
1503,4/25/2019,north
1692,4/25/2019,south
1725,4/25/2019,east
1764,4/25/2019,west
1710,4/26/2019,north
1635,4/26/2019,south
1764,4/26/2019,east
1758,4/26/2019,west
1740,4/27/2019,north
1776,4/27/2019,south
1740,4/27/2019,east
1620,4/27/2019,west
1566,4/28/2019,north
1704,4/28/2019,south
1578,4/28/2019,east
1503,4/28/2019,west
1602,4/29/2019,north
1791,4/29/2019,south
1752,4/29/2019,east
1800,4/29/2019,west
1719,4/30/2019,north
1767,4/30/2019,south
1500,4/30/2019,east
1623,4/30/2019,west
1665,5/1/2019,north
1800,5/1/2019,south
1731,5/1/2019,east
1542,5/1/2019,west
1575,5/2/2019,north
1548,5/2/2019,south
1797,5/2/2019,east
1521,5/2/2019,west
1560,5/3/2019,north
1521,5/3/2019,south
1605,5/3/2019,east
1740,5/3/2019,west
1617,5/4/2019,north
1743,5/4/2019,south
1629,5/4/2019,east
1749,5/4/2019,west
1512,5/5/2019,north
1746,5/5/2019,south
1530,5/5/2019,east
1611,5/5/2019,west
1569,5/6/2019,north
1689,5/6/2019,south
1557,5/6/2019,east
1560,5/6/2019,west
1650,5/7/2019,north
1695,5/7/2019,south
1620,5/7/2019,east
1644,5/7/2019,west
1800,5/8/2019,north
1515,5/8/2019,south
1785,5/8/2019,east
1650,5/8/2019,west
1797,5/9/2019,north
1641,5/9/2019,south
1665,5/9/2019,east
1767,5/9/2019,west
1500,5/10/2019,north
1788,5/10/2019,south
1725,5/10/2019,east
1557,5/10/2019,west
1503,5/11/2019,north
1518,5/11/2019,south
1650,5/11/2019,east
1614,5/11/2019,west
1743,5/12/2019,north
1524,5/12/2019,south
1761,5/12/2019,east
1743,5/12/2019,west
1563,5/13/2019,north
1716,5/13/2019,south
1560,5/13/2019,east
1614,5/13/2019,west
1617,5/14/2019,north
1761,5/14/2019,south
1635,5/14/2019,east
1614,5/14/2019,west
1509,5/15/2019,north
1650,5/15/2019,south
1755,5/15/2019,east
1569,5/15/2019,west
1605,5/16/2019,north
1695,5/16/2019,south
1662,5/16/2019,east
1605,5/16/2019,west
1731,5/17/2019,north
1590,5/17/2019,south
1620,5/17/2019,east
1752,5/17/2019,west
1533,5/18/2019,north
1737,5/18/2019,south
1608,5/18/2019,east
1662,5/18/2019,west
1797,5/19/2019,north
1728,5/19/2019,south
1686,5/19/2019,east
1650,5/19/2019,west
1695,5/20/2019,north
1752,5/20/2019,south
1785,5/20/2019,east
1668,5/20/2019,west
1515,5/21/2019,north
1683,5/21/2019,south
1794,5/21/2019,east
1533,5/21/2019,west
1599,5/22/2019,north
1761,5/22/2019,south
1761,5/22/2019,east
1722,5/22/2019,west
1626,5/23/2019,north
1668,5/23/2019,south
1641,5/23/2019,east
1740,5/23/2019,west
1650,5/24/2019,north
1623,5/24/2019,south
1653,5/24/2019,east
1773,5/24/2019,west
1788,5/25/2019,north
1581,5/25/2019,south
1677,5/25/2019,east
1569,5/25/2019,west
1791,5/26/2019,north
1617,5/26/2019,south
1638,5/26/2019,east
1542,5/26/2019,west
1590,5/27/2019,north
1704,5/27/2019,south
1680,5/27/2019,east
1527,5/27/2019,west
1635,5/28/2019,north
1755,5/28/2019,south
1560,5/28/2019,east
1533,5/28/2019,west
1599,5/29/2019,north
1677,5/29/2019,south
1581,5/29/2019,east
1680,5/29/2019,west
1692,5/30/2019,north
1644,5/30/2019,south
1716,5/30/2019,east
1761,5/30/2019,west
1716,5/31/2019,north
1764,5/31/2019,south
1677,5/31/2019,east
1605,5/31/2019,west
1680,6/1/2019,north
1695,6/1/2019,south
1548,6/1/2019,east
1689,6/1/2019,west
1755,6/2/2019,north
1707,6/2/2019,south
1557,6/2/2019,east
1644,6/2/2019,west
1719,6/3/2019,north
1680,6/3/2019,south
1581,6/3/2019,east
1749,6/3/2019,west
1602,6/4/2019,north
1704,6/4/2019,south
1602,6/4/2019,east
1554,6/4/2019,west
1632,6/5/2019,north
1560,6/5/2019,south
1647,6/5/2019,east
1560,6/5/2019,west
1662,6/6/2019,north
1545,6/6/2019,south
1614,6/6/2019,east
1746,6/6/2019,west
1713,6/7/2019,north
1668,6/7/2019,south
1503,6/7/2019,east
1758,6/7/2019,west
1656,6/8/2019,north
1560,6/8/2019,south
1710,6/8/2019,east
1677,6/8/2019,west
1782,6/9/2019,north
1665,6/9/2019,south
1782,6/9/2019,east
1797,6/9/2019,west
1698,6/10/2019,north
1689,6/10/2019,south
1623,6/10/2019,east
1767,6/10/2019,west
1635,6/11/2019,north
1563,6/11/2019,south
1785,6/11/2019,east
1521,6/11/2019,west
1728,6/12/2019,north
1515,6/12/2019,south
1548,6/12/2019,east
1677,6/12/2019,west
1587,6/13/2019,north
1719,6/13/2019,south
1587,6/13/2019,east
1773,6/13/2019,west
1557,6/14/2019,north
1680,6/14/2019,south
1773,6/14/2019,east
1509,6/14/2019,west
1602,6/15/2019,north
1794,6/15/2019,south
1764,6/15/2019,east
1785,6/15/2019,west
1662,6/16/2019,north
1563,6/16/2019,south
1671,6/16/2019,east
1533,6/16/2019,west
1587,6/17/2019,north
1512,6/17/2019,south
1536,6/17/2019,east
1566,6/17/2019,west
1767,6/18/2019,north
1614,6/18/2019,south
1776,6/18/2019,east
1728,6/18/2019,west
1614,6/19/2019,north
1572,6/19/2019,south
1614,6/19/2019,east
1734,6/19/2019,west
1566,6/20/2019,north
1632,6/20/2019,south
1785,6/20/2019,east
1770,6/20/2019,west
1725,6/21/2019,north
1542,6/21/2019,south
1677,6/21/2019,east
1533,6/21/2019,west
1578,6/22/2019,north
1713,6/22/2019,south
1776,6/22/2019,east
1515,6/22/2019,west
1587,6/23/2019,north
1770,6/23/2019,south
1773,6/23/2019,east
1671,6/23/2019,west
1704,6/24/2019,north
1545,6/24/2019,south
1671,6/24/2019,east
1800,6/24/2019,west
1611,6/25/2019,north
1797,6/25/2019,south
1623,6/25/2019,east
1776,6/25/2019,west
1677,6/26/2019,north
1800,6/26/2019,south
1794,6/26/2019,east
1686,6/26/2019,west
1671,6/27/2019,north
1635,6/27/2019,south
1740,6/27/2019,east
1671,6/27/2019,west
1671,6/28/2019,north
1770,6/28/2019,south
1773,6/28/2019,east
1581,6/28/2019,west
1533,6/29/2019,north
1650,6/29/2019,south
1536,6/29/2019,east
1548,6/29/2019,west
1785,6/30/2019,north
1614,6/30/2019,south
1569,6/30/2019,east
1800,6/30/2019,west
1644,7/1/2019,north
1659,7/1/2019,south
1659,7/1/2019,east
1644,7/1/2019,west
1656,7/2/2019,north
1566,7/2/2019,south
1686,7/2/2019,east
1677,7/2/2019,west
1770,7/3/2019,north
1689,7/3/2019,south
1704,7/3/2019,east
1800,7/3/2019,west
1782,7/4/2019,north
1746,7/4/2019,south
1527,7/4/2019,east
1581,7/4/2019,west
1518,7/5/2019,north
1554,7/5/2019,south
1548,7/5/2019,east
1533,7/5/2019,west
1791,7/6/2019,north
1578,7/6/2019,south
1779,7/6/2019,east
1704,7/6/2019,west
1587,7/7/2019,north
1593,7/7/2019,south
1644,7/7/2019,east
1680,7/7/2019,west
1614,7/8/2019,north
1704,7/8/2019,south
1797,7/8/2019,east
1770,7/8/2019,west
1605,7/9/2019,north
1686,7/9/2019,south
1794,7/9/2019,east
1713,7/9/2019,west
1755,7/10/2019,north
1500,7/10/2019,south
1632,7/10/2019,east
1800,7/10/2019,west
1800,7/11/2019,north
1650,7/11/2019,south
1704,7/11/2019,east
1590,7/11/2019,west
1779,7/12/2019,north
1554,7/12/2019,south
1635,7/12/2019,east
1608,7/12/2019,west
1791,7/13/2019,north
1779,7/13/2019,south
1527,7/13/2019,east
1689,7/13/2019,west
1782,7/14/2019,north
1662,7/14/2019,south
1620,7/14/2019,east
1692,7/14/2019,west
1551,7/15/2019,north
1620,7/15/2019,south
1725,7/15/2019,east
1602,7/15/2019,west
1518,7/16/2019,north
1761,7/16/2019,south
1539,7/16/2019,east
1614,7/16/2019,west
1548,7/17/2019,north
1551,7/17/2019,south
1722,7/17/2019,east
1662,7/17/2019,west
1509,7/18/2019,north
1773,7/18/2019,south
1767,7/18/2019,east
1581,7/18/2019,west
1626,7/19/2019,north
1734,7/19/2019,south
1761,7/19/2019,east
1659,7/19/2019,west
1638,7/20/2019,north
1539,7/20/2019,south
1782,7/20/2019,east
1728,7/20/2019,west
1746,7/21/2019,north
1536,7/21/2019,south
1719,7/21/2019,east
1773,7/21/2019,west
1611,7/22/2019,north
1665,7/22/2019,south
1506,7/22/2019,east
1746,7/22/2019,west
1770,7/23/2019,north
1734,7/23/2019,south
1707,7/23/2019,east
1620,7/23/2019,west
1569,7/24/2019,north
1656,7/24/2019,south
1617,7/24/2019,east
1638,7/24/2019,west
1701,7/25/2019,north
1713,7/25/2019,south
1557,7/25/2019,east
1725,7/25/2019,west
1605,7/26/2019,north
1770,7/26/2019,south
1557,7/26/2019,east
1755,7/26/2019,west
1737,7/27/2019,north
1785,7/27/2019,south
1545,7/27/2019,east
1560,7/27/2019,west
1509,7/28/2019,north
1761,7/28/2019,south
1551,7/28/2019,east
1683,7/28/2019,west
1644,7/29/2019,north
1608,7/29/2019,south
1719,7/29/2019,east
1794,7/29/2019,west
1764,7/30/2019,north
1512,7/30/2019,south
1701,7/30/2019,east
1797,7/30/2019,west
1734,7/31/2019,north
1791,7/31/2019,south
1761,7/31/2019,east
1587,7/31/2019,west
1596,8/1/2019,north
1542,8/1/2019,south
1710,8/1/2019,east
1701,8/1/2019,west
1647,8/2/2019,north
1524,8/2/2019,south
1782,8/2/2019,east
1716,8/2/2019,west
1752,8/3/2019,north
1686,8/3/2019,south
1764,8/3/2019,east
1755,8/3/2019,west
1578,8/4/2019,north
1539,8/4/2019,south
1743,8/4/2019,east
1596,8/4/2019,west
1506,8/5/2019,north
1527,8/5/2019,south
1626,8/5/2019,east
1530,8/5/2019,west
1521,8/6/2019,north
1713,8/6/2019,south
1761,8/6/2019,east
1557,8/6/2019,west
1584,8/7/2019,north
1764,8/7/2019,south
1623,8/7/2019,east
1776,8/7/2019,west
1749,8/8/2019,north
1707,8/8/2019,south
1629,8/8/2019,east
1773,8/8/2019,west
1758,8/9/2019,north
1671,8/9/2019,south
1659,8/9/2019,east
1641,8/9/2019,west
1596,8/10/2019,north
1626,8/10/2019,south
1557,8/10/2019,east
1695,8/10/2019,west
1659,8/11/2019,north
1680,8/11/2019,south
1683,8/11/2019,east
1692,8/11/2019,west
1569,8/12/2019,north
1740,8/12/2019,south
1650,8/12/2019,east
1569,8/12/2019,west
1701,8/13/2019,north
1677,8/13/2019,south
1533,8/13/2019,east
1587,8/13/2019,west
1713,8/14/2019,north
1611,8/14/2019,south
1524,8/14/2019,east
1725,8/14/2019,west
1761,8/15/2019,north
1569,8/15/2019,south
1668,8/15/2019,east
1563,8/15/2019,west
1734,8/16/2019,north
1524,8/16/2019,south
1731,8/16/2019,east
1665,8/16/2019,west
1710,8/17/2019,north
1509,8/17/2019,south
1539,8/17/2019,east
1533,8/17/2019,west
1785,8/18/2019,north
1665,8/18/2019,south
1722,8/18/2019,east
1659,8/18/2019,west
1791,8/19/2019,north
1680,8/19/2019,south
1542,8/19/2019,east
1701,8/19/2019,west
1671,8/20/2019,north
1656,8/20/2019,south
1536,8/20/2019,east
1800,8/20/2019,west
1605,8/21/2019,north
1671,8/21/2019,south
1590,8/21/2019,east
1545,8/21/2019,west
1500,8/22/2019,north
1779,8/22/2019,south
1656,8/22/2019,east
1731,8/22/2019,west
1614,8/23/2019,north
1782,8/23/2019,south
1629,8/23/2019,east
1635,8/23/2019,west
1548,8/24/2019,north
1776,8/24/2019,south
1743,8/24/2019,east
1737,8/24/2019,west
1644,8/25/2019,north
1626,8/25/2019,south
1680,8/25/2019,east
1524,8/25/2019,west
1515,8/26/2019,north
1704,8/26/2019,south
1653,8/26/2019,east
1554,8/26/2019,west
1644,8/27/2019,north
1674,8/27/2019,south
1665,8/27/2019,east
1755,8/27/2019,west
1566,8/28/2019,north
1659,8/28/2019,south
1515,8/28/2019,east
1779,8/28/2019,west
1572,8/29/2019,north
1770,8/29/2019,south
1632,8/29/2019,east
1677,8/29/2019,west
1755,8/30/2019,north
1527,8/30/2019,south
1623,8/30/2019,east
1668,8/30/2019,west
1683,8/31/2019,north
1698,8/31/2019,south
1749,8/31/2019,east
1632,8/31/2019,west
1785,9/1/2019,north
1707,9/1/2019,south
1518,9/1/2019,east
1563,9/1/2019,west
1701,9/2/2019,north
1605,9/2/2019,south
1596,9/2/2019,east
1605,9/2/2019,west
1716,9/3/2019,north
1569,9/3/2019,south
1725,9/3/2019,east
1542,9/3/2019,west
1692,9/4/2019,north
1560,9/4/2019,south
1515,9/4/2019,east
1653,9/4/2019,west
1629,9/5/2019,north
1668,9/5/2019,south
1698,9/5/2019,east
1677,9/5/2019,west
1503,9/6/2019,north
1776,9/6/2019,south
1509,9/6/2019,east
1665,9/6/2019,west
1683,9/7/2019,north
1530,9/7/2019,south
1782,9/7/2019,east
1584,9/7/2019,west
1743,9/8/2019,north
1551,9/8/2019,south
1620,9/8/2019,east
1791,9/8/2019,west
1674,9/9/2019,north
1797,9/9/2019,south
1773,9/9/2019,east
1596,9/9/2019,west
1617,9/10/2019,north
1764,9/10/2019,south
1632,9/10/2019,east
1506,9/10/2019,west
1533,9/11/2019,north
1677,9/11/2019,south
1746,9/11/2019,east
1668,9/11/2019,west
1797,9/12/2019,north
1545,9/12/2019,south
1701,9/12/2019,east
1578,9/12/2019,west
1626,9/13/2019,north
1512,9/13/2019,south
1788,9/13/2019,east
1671,9/13/2019,west
1728,9/14/2019,north
1653,9/14/2019,south
1644,9/14/2019,east
1734,9/14/2019,west
1746,9/15/2019,north
1524,9/15/2019,south
1611,9/15/2019,east
1626,9/15/2019,west
1668,9/16/2019,north
1734,9/16/2019,south
1797,9/16/2019,east
1725,9/16/2019,west
1656,9/17/2019,north
1530,9/17/2019,south
1695,9/17/2019,east
1656,9/17/2019,west
1797,9/18/2019,north
1515,9/18/2019,south
1638,9/18/2019,east
1797,9/18/2019,west
1800,9/19/2019,north
1560,9/19/2019,south
1506,9/19/2019,east
1581,9/19/2019,west
1515,9/20/2019,north
1527,9/20/2019,south
1758,9/20/2019,east
1638,9/20/2019,west
1605,9/21/2019,north
1716,9/21/2019,south
1569,9/21/2019,east
1674,9/21/2019,west
1632,9/22/2019,north
1734,9/22/2019,south
1530,9/22/2019,east
1689,9/22/2019,west
1641,9/23/2019,north
1779,9/23/2019,south
1659,9/23/2019,east
1797,9/23/2019,west
1767,9/24/2019,north
1755,9/24/2019,south
1602,9/24/2019,east
1524,9/24/2019,west
1794,9/25/2019,north
1626,9/25/2019,south
1617,9/25/2019,east
1773,9/25/2019,west
1719,9/26/2019,north
1509,9/26/2019,south
1686,9/26/2019,east
1668,9/26/2019,west
1731,9/27/2019,north
1590,9/27/2019,south
1728,9/27/2019,east
1722,9/27/2019,west
1548,9/28/2019,north
1599,9/28/2019,south
1605,9/28/2019,east
1671,9/28/2019,west
1512,9/29/2019,north
1650,9/29/2019,south
1614,9/29/2019,east
1674,9/29/2019,west
1638,9/30/2019,north
1731,9/30/2019,south
1716,9/30/2019,east
1566,9/30/2019,west
1707,10/1/2019,north
1554,10/1/2019,south
1632,10/1/2019,east
1584,10/1/2019,west
1653,10/2/2019,north
1770,10/2/2019,south
1758,10/2/2019,east
1569,10/2/2019,west
1797,10/3/2019,north
1551,10/3/2019,south
1677,10/3/2019,east
1599,10/3/2019,west
1512,10/4/2019,north
1635,10/4/2019,south
1749,10/4/2019,east
1689,10/4/2019,west
1614,10/5/2019,north
1527,10/5/2019,south
1521,10/5/2019,east
1725,10/5/2019,west
1587,10/6/2019,north
1701,10/6/2019,south
1566,10/6/2019,east
1752,10/6/2019,west
1668,10/7/2019,north
1686,10/7/2019,south
1611,10/7/2019,east
1569,10/7/2019,west
1599,10/8/2019,north
1539,10/8/2019,south
1611,10/8/2019,east
1605,10/8/2019,west
1680,10/9/2019,north
1704,10/9/2019,south
1689,10/9/2019,east
1644,10/9/2019,west
1701,10/10/2019,north
1560,10/10/2019,south
1791,10/10/2019,east
1698,10/10/2019,west
1539,10/11/2019,north
1542,10/11/2019,south
1704,10/11/2019,east
1728,10/11/2019,west
1590,10/12/2019,north
1743,10/12/2019,south
1569,10/12/2019,east
1722,10/12/2019,west
1545,10/13/2019,north
1533,10/13/2019,south
1674,10/13/2019,east
1704,10/13/2019,west
1524,10/14/2019,north
1578,10/14/2019,south
1692,10/14/2019,east
1635,10/14/2019,west
1782,10/15/2019,north
1587,10/15/2019,south
1638,10/15/2019,east
1752,10/15/2019,west
1542,10/16/2019,north
1608,10/16/2019,south
1683,10/16/2019,east
1596,10/16/2019,west
1527,10/17/2019,north
1737,10/17/2019,south
1671,10/17/2019,east
1662,10/17/2019,west
1518,10/18/2019,north
1746,10/18/2019,south
1590,10/18/2019,east
1710,10/18/2019,west
1647,10/19/2019,north
1737,10/19/2019,south
1761,10/19/2019,east
1587,10/19/2019,west
1701,10/20/2019,north
1524,10/20/2019,south
1677,10/20/2019,east
1725,10/20/2019,west
1653,10/21/2019,north
1686,10/21/2019,south
1698,10/21/2019,east
1560,10/21/2019,west
1515,10/22/2019,north
1734,10/22/2019,south
1551,10/22/2019,east
1713,10/22/2019,west
1758,10/23/2019,north
1644,10/23/2019,south
1758,10/23/2019,east
1641,10/23/2019,west
1617,10/24/2019,north
1611,10/24/2019,south
1788,10/24/2019,east
1602,10/24/2019,west
1638,10/25/2019,north
1620,10/25/2019,south
1665,10/25/2019,east
1500,10/25/2019,west
1671,10/26/2019,north
1566,10/26/2019,south
1740,10/26/2019,east
1599,10/26/2019,west
1710,10/27/2019,north
1668,10/27/2019,south
1740,10/27/2019,east
1698,10/27/2019,west
1503,10/28/2019,north
1689,10/28/2019,south
1626,10/28/2019,east
1674,10/28/2019,west
1542,10/29/2019,north
1692,10/29/2019,south
1719,10/29/2019,east
1512,10/29/2019,west
1731,10/30/2019,north
1644,10/30/2019,south
1746,10/30/2019,east
1689,10/30/2019,west
1800,10/31/2019,north
1527,10/31/2019,south
1533,10/31/2019,east
1800,10/31/2019,west
1644,11/1/2019,north
1500,11/1/2019,south
1800,11/1/2019,east
1767,11/1/2019,west
1791,11/2/2019,north
1776,11/2/2019,south
1596,11/2/2019,east
1734,11/2/2019,west
1542,11/3/2019,north
1608,11/3/2019,south
1617,11/3/2019,east
1623,11/3/2019,west
1674,11/4/2019,north
1782,11/4/2019,south
1680,11/4/2019,east
1512,11/4/2019,west
1500,11/5/2019,north
1668,11/5/2019,south
1758,11/5/2019,east
1533,11/5/2019,west
1785,11/6/2019,north
1533,11/6/2019,south
1659,11/6/2019,east
1506,11/6/2019,west
1656,11/7/2019,north
1728,11/7/2019,south
1728,11/7/2019,east
1713,11/7/2019,west
1797,11/8/2019,north
1686,11/8/2019,south
1584,11/8/2019,east
1713,11/8/2019,west
1665,11/9/2019,north
1557,11/9/2019,south
1656,11/9/2019,east
1767,11/9/2019,west
1515,11/10/2019,north
1761,11/10/2019,south
1767,11/10/2019,east
1641,11/10/2019,west
1584,11/11/2019,north
1545,11/11/2019,south
1695,11/11/2019,east
1761,11/11/2019,west
1701,11/12/2019,north
1767,11/12/2019,south
1632,11/12/2019,east
1704,11/12/2019,west
1599,11/13/2019,north
1509,11/13/2019,south
1728,11/13/2019,east
1683,11/13/2019,west
1740,11/14/2019,north
1626,11/14/2019,south
1572,11/14/2019,east
1716,11/14/2019,west
1641,11/15/2019,north
1560,11/15/2019,south
1614,11/15/2019,east
1605,11/15/2019,west
1503,11/16/2019,north
1638,11/16/2019,south
1662,11/16/2019,east
1653,11/16/2019,west
1734,11/17/2019,north
1599,11/17/2019,south
1515,11/17/2019,east
1608,11/17/2019,west
1566,11/18/2019,north
1734,11/18/2019,south
1719,11/18/2019,east
1773,11/18/2019,west
1791,11/19/2019,north
1779,11/19/2019,south
1641,11/19/2019,east
1617,11/19/2019,west
1533,11/20/2019,north
1527,11/20/2019,south
1512,11/20/2019,east
1515,11/20/2019,west
1734,11/21/2019,north
1668,11/21/2019,south
1665,11/21/2019,east
1644,11/21/2019,west
1767,11/22/2019,north
1647,11/22/2019,south
1665,11/22/2019,east
1776,11/22/2019,west
1665,11/23/2019,north
1632,11/23/2019,south
1521,11/23/2019,east
1659,11/23/2019,west
1623,11/24/2019,north
1698,11/24/2019,south
1596,11/24/2019,east
1674,11/24/2019,west
1749,11/25/2019,north
1536,11/25/2019,south
1734,11/25/2019,east
1716,11/25/2019,west
1599,11/26/2019,north
1500,11/26/2019,south
1518,11/26/2019,east
1584,11/26/2019,west
1551,11/27/2019,north
1701,11/27/2019,south
1689,11/27/2019,east
1746,11/27/2019,west
1725,11/28/2019,north
1776,11/28/2019,south
1707,11/28/2019,east
1794,11/28/2019,west
1641,11/29/2019,north
1653,11/29/2019,south
1716,11/29/2019,east
1776,11/29/2019,west
1797,11/30/2019,north
1782,11/30/2019,south
1653,11/30/2019,east
1596,11/30/2019,west
1704,12/1/2019,north
1626,12/1/2019,south
1617,12/1/2019,east
1680,12/1/2019,west
1608,12/2/2019,north
1713,12/2/2019,south
1632,12/2/2019,east
1680,12/2/2019,west
1791,12/3/2019,north
1761,12/3/2019,south
1749,12/3/2019,east
1626,12/3/2019,west
1773,12/4/2019,north
1623,12/4/2019,south
1662,12/4/2019,east
1731,12/4/2019,west
1755,12/5/2019,north
1602,12/5/2019,south
1740,12/5/2019,east
1605,12/5/2019,west
1680,12/6/2019,north
1572,12/6/2019,south
1542,12/6/2019,east
1779,12/6/2019,west
1671,12/7/2019,north
1722,12/7/2019,south
1728,12/7/2019,east
1659,12/7/2019,west
1770,12/8/2019,north
1632,12/8/2019,south
1536,12/8/2019,east
1734,12/8/2019,west
1584,12/9/2019,north
1713,12/9/2019,south
1728,12/9/2019,east
1725,12/9/2019,west
1506,12/10/2019,north
1503,12/10/2019,south
1521,12/10/2019,east
1713,12/10/2019,west
1635,12/11/2019,north
1506,12/11/2019,south
1542,12/11/2019,east
1551,12/11/2019,west
1623,12/12/2019,north
1719,12/12/2019,south
1563,12/12/2019,east
1791,12/12/2019,west
1800,12/13/2019,north
1800,12/13/2019,south
1740,12/13/2019,east
1755,12/13/2019,west
1716,12/14/2019,north
1632,12/14/2019,south
1599,12/14/2019,east
1632,12/14/2019,west
1725,12/15/2019,north
1743,12/15/2019,south
1587,12/15/2019,east
1608,12/15/2019,west
1662,12/16/2019,north
1791,12/16/2019,south
1773,12/16/2019,east
1650,12/16/2019,west
1518,12/17/2019,north
1749,12/17/2019,south
1689,12/17/2019,east
1533,12/17/2019,west
1533,12/18/2019,north
1641,12/18/2019,south
1590,12/18/2019,east
1740,12/18/2019,west
1665,12/19/2019,north
1773,12/19/2019,south
1503,12/19/2019,east
1542,12/19/2019,west
1788,12/20/2019,north
1773,12/20/2019,south
1788,12/20/2019,east
1785,12/20/2019,west
1605,12/21/2019,north
1701,12/21/2019,south
1626,12/21/2019,east
1623,12/21/2019,west
1671,12/22/2019,north
1629,12/22/2019,south
1725,12/22/2019,east
1557,12/22/2019,west
1671,12/23/2019,north
1662,12/23/2019,south
1674,12/23/2019,east
1671,12/23/2019,west
1620,12/24/2019,north
1716,12/24/2019,south
1674,12/24/2019,east
1686,12/24/2019,west
1752,12/25/2019,north
1725,12/25/2019,south
1545,12/25/2019,east
1506,12/25/2019,west
1539,12/26/2019,north
1716,12/26/2019,south
1500,12/26/2019,east
1794,12/26/2019,west
1716,12/27/2019,north
1665,12/27/2019,south
1557,12/27/2019,east
1620,12/27/2019,west
1779,12/28/2019,north
1779,12/28/2019,south
1752,12/28/2019,east
1773,12/28/2019,west
1800,12/29/2019,north
1773,12/29/2019,south
1767,12/29/2019,east
1683,12/29/2019,west
1542,12/30/2019,north
1728,12/30/2019,south
1569,12/30/2019,east
1659,12/30/2019,west
1581,12/31/2019,north
1713,12/31/2019,south
1533,12/31/2019,east
1692,12/31/2019,west
1506,1/1/2020,north
1659,1/1/2020,south
1719,1/1/2020,east
1704,1/1/2020,west
1767,1/2/2020,north
1542,1/2/2020,south
1542,1/2/2020,east
1629,1/2/2020,west
1659,1/3/2020,north
1539,1/3/2020,south
1734,1/3/2020,east
1761,1/3/2020,west
1560,1/4/2020,north
1767,1/4/2020,south
1791,1/4/2020,east
1632,1/4/2020,west
1716,1/5/2020,north
1536,1/5/2020,south
1662,1/5/2020,east
1680,1/5/2020,west
1689,1/6/2020,north
1779,1/6/2020,south
1512,1/6/2020,east
1578,1/6/2020,west
1560,1/7/2020,north
1581,1/7/2020,south
1677,1/7/2020,east
1599,1/7/2020,west
1713,1/8/2020,north
1800,1/8/2020,south
1767,1/8/2020,east
1752,1/8/2020,west
1509,1/9/2020,north
1539,1/9/2020,south
1671,1/9/2020,east
1668,1/9/2020,west
1692,1/10/2020,north
1584,1/10/2020,south
1710,1/10/2020,east
1686,1/10/2020,west
1617,1/11/2020,north
1665,1/11/2020,south
1722,1/11/2020,east
1551,1/11/2020,west
1620,1/12/2020,north
1791,1/12/2020,south
1662,1/12/2020,east
1656,1/12/2020,west
1644,1/13/2020,north
1659,1/13/2020,south
1740,1/13/2020,east
1668,1/13/2020,west
1566,1/14/2020,north
1575,1/14/2020,south
1566,1/14/2020,east
1578,1/14/2020,west
1737,1/15/2020,north
1596,1/15/2020,south
1776,1/15/2020,east
1638,1/15/2020,west
1749,1/16/2020,north
1752,1/16/2020,south
1635,1/16/2020,east
1581,1/16/2020,west
1521,1/17/2020,north
1536,1/17/2020,south
1665,1/17/2020,east
1782,1/17/2020,west
1650,1/18/2020,north
1749,1/18/2020,south
1797,1/18/2020,east
1650,1/18/2020,west
1608,1/19/2020,north
1608,1/19/2020,south
1575,1/19/2020,east
1590,1/19/2020,west
1665,1/20/2020,north
1596,1/20/2020,south
1581,1/20/2020,east
1695,1/20/2020,west
1647,1/21/2020,north
1776,1/21/2020,south
1719,1/21/2020,east
1578,1/21/2020,west
1503,1/22/2020,north
1569,1/22/2020,south
1731,1/22/2020,east
1551,1/22/2020,west
1626,1/23/2020,north
1518,1/23/2020,south
1575,1/23/2020,east
1611,1/23/2020,west
1629,1/24/2020,north
1704,1/24/2020,south
1656,1/24/2020,east
1554,1/24/2020,west
1575,1/25/2020,north
1638,1/25/2020,south
1635,1/25/2020,east
1548,1/25/2020,west
1710,1/26/2020,north
1584,1/26/2020,south
1716,1/26/2020,east
1602,1/26/2020,west
1569,1/27/2020,north
1506,1/27/2020,south
1671,1/27/2020,east
1584,1/27/2020,west
1689,1/28/2020,north
1773,1/28/2020,south
1647,1/28/2020,east
1503,1/28/2020,west
1593,1/29/2020,north
1506,1/29/2020,south
1740,1/29/2020,east
1572,1/29/2020,west
1620,1/30/2020,north
1542,1/30/2020,south
1593,1/30/2020,east
1500,1/30/2020,west
1635,1/31/2020,north
1656,1/31/2020,south
1779,1/31/2020,east
1605,1/31/2020,west
1602,2/1/2020,north
1794,2/1/2020,south
1677,2/1/2020,east
1521,2/1/2020,west
1707,2/2/2020,north
1665,2/2/2020,south
1713,2/2/2020,east
1659,2/2/2020,west
1548,2/3/2020,north
1647,2/3/2020,south
1764,2/3/2020,east
1662,2/3/2020,west
1563,2/4/2020,north
1755,2/4/2020,south
1659,2/4/2020,east
1575,2/4/2020,west
1716,2/5/2020,north
1506,2/5/2020,south
1734,2/5/2020,east
1704,2/5/2020,west
1512,2/6/2020,north
1572,2/6/2020,south
1782,2/6/2020,east
1554,2/6/2020,west
1782,2/7/2020,north
1701,2/7/2020,south
1698,2/7/2020,east
1671,2/7/2020,west
1584,2/8/2020,north
1602,2/8/2020,south
1755,2/8/2020,east
1614,2/8/2020,west
1743,2/9/2020,north
1788,2/9/2020,south
1644,2/9/2020,east
1728,2/9/2020,west
1599,2/10/2020,north
1689,2/10/2020,south
1776,2/10/2020,east
1569,2/10/2020,west
1791,2/11/2020,north
1638,2/11/2020,south
1716,2/11/2020,east
1788,2/11/2020,west
1758,2/12/2020,north
1752,2/12/2020,south
1599,2/12/2020,east
1533,2/12/2020,west
1548,2/13/2020,north
1800,2/13/2020,south
1659,2/13/2020,east
1617,2/13/2020,west
1746,2/14/2020,north
1644,2/14/2020,south
1698,2/14/2020,east
1533,2/14/2020,west
1704,2/15/2020,north
1524,2/15/2020,south
1545,2/15/2020,east
1731,2/15/2020,west
1665,2/16/2020,north
1791,2/16/2020,south
1605,2/16/2020,east
1743,2/16/2020,west
1677,2/17/2020,north
1590,2/17/2020,south
1722,2/17/2020,east
1743,2/17/2020,west
1668,2/18/2020,north
1620,2/18/2020,south
1704,2/18/2020,east
1683,2/18/2020,west
1551,2/19/2020,north
1650,2/19/2020,south
1689,2/19/2020,east
1638,2/19/2020,west
1518,2/20/2020,north
1593,2/20/2020,south
1632,2/20/2020,east
1602,2/20/2020,west
1761,2/21/2020,north
1755,2/21/2020,south
1581,2/21/2020,east
1794,2/21/2020,west
1545,2/22/2020,north
1689,2/22/2020,south
1632,2/22/2020,east
1668,2/22/2020,west
1638,2/23/2020,north
1602,2/23/2020,south
1686,2/23/2020,east
1776,2/23/2020,west
1593,2/24/2020,north
1734,2/24/2020,south
1608,2/24/2020,east
1617,2/24/2020,west
1656,2/25/2020,north
1722,2/25/2020,south
1566,2/25/2020,east
1548,2/25/2020,west
1545,2/26/2020,north
1521,2/26/2020,south
1728,2/26/2020,east
1668,2/26/2020,west
1698,2/27/2020,north
1599,2/27/2020,south
1581,2/27/2020,east
1527,2/27/2020,west
1509,2/28/2020,north
1686,2/28/2020,south
1590,2/28/2020,east
1689,2/28/2020,west
1671,2/29/2020,north
1728,2/29/2020,south
1524,2/29/2020,east
1656,2/29/2020,west
1593,3/1/2020,north
1626,3/1/2020,south
1626,3/1/2020,east
1692,3/1/2020,west
1509,3/2/2020,north
1788,3/2/2020,south
1572,3/2/2020,east
1569,3/2/2020,west
1632,3/3/2020,north
1548,3/3/2020,south
1623,3/3/2020,east
1506,3/3/2020,west
1773,3/4/2020,north
1677,3/4/2020,south
1638,3/4/2020,east
1569,3/4/2020,west
1794,3/5/2020,north
1764,3/5/2020,south
1530,3/5/2020,east
1770,3/5/2020,west
1623,3/6/2020,north
1734,3/6/2020,south
1698,3/6/2020,east
1503,3/6/2020,west
1641,3/7/2020,north
1581,3/7/2020,south
1797,3/7/2020,east
1674,3/7/2020,west
1701,3/8/2020,north
1590,3/8/2020,south
1599,3/8/2020,east
1791,3/8/2020,west
1719,3/9/2020,north
1776,3/9/2020,south
1542,3/9/2020,east
1740,3/9/2020,west
1644,3/10/2020,north
1653,3/10/2020,south
1797,3/10/2020,east
1740,3/10/2020,west
1605,3/11/2020,north
1584,3/11/2020,south
1662,3/11/2020,east
1572,3/11/2020,west
1635,3/12/2020,north
1548,3/12/2020,south
1680,3/12/2020,east
1767,3/12/2020,west
1554,3/13/2020,north
1686,3/13/2020,south
1749,3/13/2020,east
1554,3/13/2020,west
1662,3/14/2020,north
1557,3/14/2020,south
1755,3/14/2020,east
1758,3/14/2020,west
1500,3/15/2020,north
1665,3/15/2020,south
1761,3/15/2020,east
1626,3/15/2020,west
1650,3/16/2020,north
1722,3/16/2020,south
1641,3/16/2020,east
1611,3/16/2020,west
1701,3/17/2020,north
1701,3/17/2020,south
1794,3/17/2020,east
1509,3/17/2020,west
1566,3/18/2020,north
1716,3/18/2020,south
1701,3/18/2020,east
1605,3/18/2020,west
1581,3/19/2020,north
1797,3/19/2020,south
1725,3/19/2020,east
1554,3/19/2020,west
1665,3/20/2020,north
1641,3/20/2020,south
1677,3/20/2020,east
1707,3/20/2020,west
1575,3/21/2020,north
1674,3/21/2020,south
1707,3/21/2020,east
1710,3/21/2020,west
1644,3/22/2020,north
1668,3/22/2020,south
1674,3/22/2020,east
1737,3/22/2020,west
1767,3/23/2020,north
1620,3/23/2020,south
1593,3/23/2020,east
1542,3/23/2020,west
1548,3/24/2020,north
1662,3/24/2020,south
1740,3/24/2020,east
1572,3/24/2020,west
1779,3/25/2020,north
1770,3/25/2020,south
1623,3/25/2020,east
1575,3/25/2020,west
1785,3/26/2020,north
1671,3/26/2020,south
1749,3/26/2020,east
1791,3/26/2020,west
1713,3/27/2020,north
1623,3/27/2020,south
1605,3/27/2020,east
1566,3/27/2020,west
1569,3/28/2020,north
1605,3/28/2020,south
1728,3/28/2020,east
1665,3/28/2020,west
1782,3/29/2020,north
1800,3/29/2020,south
1518,3/29/2020,east
1800,3/29/2020,west
1515,3/30/2020,north
1764,3/30/2020,south
1632,3/30/2020,east
1608,3/30/2020,west
1794,3/31/2020,north
1635,3/31/2020,south
1572,3/31/2020,east
1629,3/31/2020,west
1557,4/1/2020,north
1536,4/1/2020,south
1587,4/1/2020,east
1728,4/1/2020,west
1779,4/2/2020,north
1773,4/2/2020,south
1794,4/2/2020,east
1503,4/2/2020,west
1767,4/3/2020,north
1743,4/3/2020,south
1560,4/3/2020,east
1746,4/3/2020,west
1731,4/4/2020,north
1692,4/4/2020,south
1722,4/4/2020,east
1563,4/4/2020,west
1797,4/5/2020,north
1755,4/5/2020,south
1611,4/5/2020,east
1635,4/5/2020,west
1752,4/6/2020,north
1749,4/6/2020,south
1782,4/6/2020,east
1521,4/6/2020,west
1752,4/7/2020,north
1686,4/7/2020,south
1500,4/7/2020,east
1785,4/7/2020,west
1611,4/8/2020,north
1794,4/8/2020,south
1734,4/8/2020,east
1659,4/8/2020,west
1650,4/9/2020,north
1587,4/9/2020,south
1629,4/9/2020,east
1506,4/9/2020,west
1794,4/10/2020,north
1551,4/10/2020,south
1503,4/10/2020,east
1776,4/10/2020,west
1659,4/11/2020,north
1590,4/11/2020,south
1515,4/11/2020,east
1506,4/11/2020,west
1722,4/12/2020,north
1512,4/12/2020,south
1773,4/12/2020,east
1635,4/12/2020,west
1548,4/13/2020,north
1692,4/13/2020,south
1698,4/13/2020,east
1755,4/13/2020,west
1521,4/14/2020,north
1593,4/14/2020,south
1644,4/14/2020,east
1587,4/14/2020,west
1800,4/15/2020,north
1788,4/15/2020,south
1764,4/15/2020,east
1650,4/15/2020,west
1704,4/16/2020,north
1659,4/16/2020,south
1644,4/16/2020,east
1500,4/16/2020,west
1734,4/17/2020,north
1617,4/17/2020,south
1584,4/17/2020,east
1569,4/17/2020,west
1623,4/18/2020,north
1500,4/18/2020,south
1578,4/18/2020,east
1590,4/18/2020,west
1761,4/19/2020,north
1728,4/19/2020,south
1716,4/19/2020,east
1704,4/19/2020,west
1665,4/20/2020,north
1515,4/20/2020,south
1725,4/20/2020,east
1695,4/20/2020,west
1755,4/21/2020,north
1521,4/21/2020,south
1629,4/21/2020,east
1686,4/21/2020,west
1614,4/22/2020,north
1614,4/22/2020,south
1569,4/22/2020,east
1527,4/22/2020,west
1764,4/23/2020,north
1524,4/23/2020,south
1611,4/23/2020,east
1785,4/23/2020,west
1716,4/24/2020,north
1692,4/24/2020,south
1506,4/24/2020,east
1533,4/24/2020,west
1638,4/25/2020,north
1638,4/25/2020,south
1755,4/25/2020,east
1545,4/25/2020,west
1512,4/26/2020,north
1593,4/26/2020,south
1674,4/26/2020,east
1719,4/26/2020,west
1530,4/27/2020,north
1593,4/27/2020,south
1641,4/27/2020,east
1575,4/27/2020,west
1788,4/28/2020,north
1749,4/28/2020,south
1581,4/28/2020,east
1524,4/28/2020,west
1680,4/29/2020,north
1674,4/29/2020,south
1773,4/29/2020,east
1674,4/29/2020,west
1779,4/30/2020,north
1569,4/30/2020,south
1590,4/30/2020,east
1689,4/30/2020,west
1755,5/1/2020,north
1752,5/1/2020,south
1641,5/1/2020,east
1605,5/1/2020,west
1587,5/2/2020,north
1521,5/2/2020,south
1605,5/2/2020,east
1557,5/2/2020,west
1680,5/3/2020,north
1566,5/3/2020,south
1719,5/3/2020,east
1563,5/3/2020,west
1569,5/4/2020,north
1608,5/4/2020,south
1578,5/4/2020,east
1641,5/4/2020,west
1587,5/5/2020,north
1674,5/5/2020,south
1500,5/5/2020,east
1686,5/5/2020,west
1521,5/6/2020,north
1683,5/6/2020,south
1767,5/6/2020,east
1776,5/6/2020,west
1557,5/7/2020,north
1623,5/7/2020,south
1557,5/7/2020,east
1746,5/7/2020,west
1680,5/8/2020,north
1587,5/8/2020,south
1695,5/8/2020,east
1629,5/8/2020,west
1674,5/9/2020,north
1620,5/9/2020,south
1560,5/9/2020,east
1590,5/9/2020,west
1623,5/10/2020,north
1689,5/10/2020,south
1656,5/10/2020,east
1695,5/10/2020,west
1674,5/11/2020,north
1554,5/11/2020,south
1680,5/11/2020,east
1575,5/11/2020,west
1500,5/12/2020,north
1791,5/12/2020,south
1614,5/12/2020,east
1695,5/12/2020,west
1767,5/13/2020,north
1725,5/13/2020,south
1701,5/13/2020,east
1629,5/13/2020,west
1656,5/14/2020,north
1713,5/14/2020,south
1737,5/14/2020,east
1671,5/14/2020,west
1533,5/15/2020,north
1644,5/15/2020,south
1560,5/15/2020,east
1740,5/15/2020,west
1767,5/16/2020,north
1791,5/16/2020,south
1509,5/16/2020,east
1614,5/16/2020,west
1566,5/17/2020,north
1758,5/17/2020,south
1668,5/17/2020,east
1707,5/17/2020,west
1638,5/18/2020,north
1596,5/18/2020,south
1767,5/18/2020,east
1683,5/18/2020,west
1641,5/19/2020,north
1713,5/19/2020,south
1515,5/19/2020,east
1602,5/19/2020,west
1575,5/20/2020,north
1791,5/20/2020,south
1545,5/20/2020,east
1686,5/20/2020,west
1587,5/21/2020,north
1791,5/21/2020,south
1653,5/21/2020,east
1671,5/21/2020,west
1542,5/22/2020,north
1686,5/22/2020,south
1569,5/22/2020,east
1518,5/22/2020,west
1620,5/23/2020,north
1536,5/23/2020,south
1713,5/23/2020,east
1788,5/23/2020,west
1773,5/24/2020,north
1785,5/24/2020,south
1509,5/24/2020,east
1713,5/24/2020,west
1536,5/25/2020,north
1704,5/25/2020,south
1563,5/25/2020,east
1539,5/25/2020,west
1545,5/26/2020,north
1530,5/26/2020,south
1758,5/26/2020,east
1656,5/26/2020,west
1563,5/27/2020,north
1758,5/27/2020,south
1656,5/27/2020,east
1707,5/27/2020,west
1581,5/28/2020,north
1569,5/28/2020,south
1533,5/28/2020,east
1566,5/28/2020,west
1722,5/29/2020,north
1602,5/29/2020,south
1698,5/29/2020,east
1566,5/29/2020,west
1599,5/30/2020,north
1788,5/30/2020,south
1743,5/30/2020,east
1647,5/30/2020,west
1566,5/31/2020,north
1608,5/31/2020,south
1791,5/31/2020,east
1764,5/31/2020,west
1752,6/1/2020,north
1608,6/1/2020,south
1554,6/1/2020,east
1710,6/1/2020,west
1677,6/2/2020,north
1794,6/2/2020,south
1800,6/2/2020,east
1767,6/2/2020,west
1782,6/3/2020,north
1584,6/3/2020,south
1545,6/3/2020,east
1617,6/3/2020,west
1644,6/4/2020,north
1527,6/4/2020,south
1707,6/4/2020,east
1773,6/4/2020,west
1587,6/5/2020,north
1632,6/5/2020,south
1569,6/5/2020,east
1566,6/5/2020,west
1683,6/6/2020,north
1689,6/6/2020,south
1704,6/6/2020,east
1749,6/6/2020,west
1620,6/7/2020,north
1650,6/7/2020,south
1743,6/7/2020,east
1674,6/7/2020,west
1527,6/8/2020,north
1638,6/8/2020,south
1584,6/8/2020,east
1695,6/8/2020,west
1503,6/9/2020,north
1569,6/9/2020,south
1572,6/9/2020,east
1593,6/9/2020,west
1761,6/10/2020,north
1512,6/10/2020,south
1617,6/10/2020,east
1593,6/10/2020,west
1590,6/11/2020,north
1611,6/11/2020,south
1719,6/11/2020,east
1719,6/11/2020,west
1512,6/12/2020,north
1776,6/12/2020,south
1575,6/12/2020,east
1746,6/12/2020,west
1581,6/13/2020,north
1689,6/13/2020,south
1776,6/13/2020,east
1560,6/13/2020,west
1734,6/14/2020,north
1788,6/14/2020,south
1743,6/14/2020,east
1719,6/14/2020,west
1542,6/15/2020,north
1758,6/15/2020,south
1674,6/15/2020,east
1584,6/15/2020,west
1668,6/16/2020,north
1620,6/16/2020,south
1695,6/16/2020,east
1638,6/16/2020,west
1554,6/17/2020,north
1659,6/17/2020,south
1734,6/17/2020,east
1527,6/17/2020,west
1611,6/18/2020,north
1734,6/18/2020,south
1743,6/18/2020,east
1557,6/18/2020,west
1800,6/19/2020,north
1536,6/19/2020,south
1578,6/19/2020,east
1515,6/19/2020,west
1647,6/20/2020,north
1641,6/20/2020,south
1614,6/20/2020,east
1518,6/20/2020,west
1755,6/21/2020,north
1620,6/21/2020,south
1725,6/21/2020,east
1668,6/21/2020,west
1761,6/22/2020,north
1542,6/22/2020,south
1539,6/22/2020,east
1524,6/22/2020,west
1767,6/23/2020,north
1581,6/23/2020,south
1770,6/23/2020,east
1758,6/23/2020,west
1617,6/24/2020,north
1518,6/24/2020,south
1791,6/24/2020,east
1695,6/24/2020,west
1503,6/25/2020,north
1794,6/25/2020,south
1638,6/25/2020,east
1536,6/25/2020,west
1707,6/26/2020,north
1578,6/26/2020,south
1719,6/26/2020,east
1728,6/26/2020,west
1644,6/27/2020,north
1527,6/27/2020,south
1578,6/27/2020,east
1623,6/27/2020,west
1608,6/28/2020,north
1779,6/28/2020,south
1689,6/28/2020,east
1629,6/28/2020,west
1722,6/29/2020,north
1662,6/29/2020,south
1662,6/29/2020,east
1503,6/29/2020,west
1794,6/30/2020,north
1572,6/30/2020,south
1668,6/30/2020,east
1647,6/30/2020,west
1632,7/1/2020,north
1578,7/1/2020,south
1650,7/1/2020,east
1797,7/1/2020,west
1734,7/2/2020,north
1734,7/2/2020,south
1581,7/2/2020,east
1665,7/2/2020,west
1695,7/3/2020,north
1701,7/3/2020,south
1584,7/3/2020,east
1518,7/3/2020,west
1737,7/4/2020,north
1656,7/4/2020,south
1695,7/4/2020,east
1563,7/4/2020,west
1788,7/5/2020,north
1746,7/5/2020,south
1647,7/5/2020,east
1527,7/5/2020,west
1548,7/6/2020,north
1572,7/6/2020,south
1569,7/6/2020,east
1527,7/6/2020,west
1500,7/7/2020,north
1791,7/7/2020,south
1656,7/7/2020,east
1743,7/7/2020,west
1563,7/8/2020,north
1722,7/8/2020,south
1758,7/8/2020,east
1524,7/8/2020,west
1788,7/9/2020,north
1713,7/9/2020,south
1596,7/9/2020,east
1716,7/9/2020,west
1587,7/10/2020,north
1509,7/10/2020,south
1698,7/10/2020,east
1515,7/10/2020,west
1500,7/11/2020,north
1689,7/11/2020,south
1554,7/11/2020,east
1509,7/11/2020,west
1746,7/12/2020,north
1572,7/12/2020,south
1773,7/12/2020,east
1596,7/12/2020,west
1680,7/13/2020,north
1764,7/13/2020,south
1782,7/13/2020,east
1728,7/13/2020,west
1557,7/14/2020,north
1515,7/14/2020,south
1695,7/14/2020,east
1500,7/14/2020,west
1542,7/15/2020,north
1740,7/15/2020,south
1647,7/15/2020,east
1596,7/15/2020,west
1515,7/16/2020,north
1731,7/16/2020,south
1605,7/16/2020,east
1791,7/16/2020,west
1794,7/17/2020,north
1677,7/17/2020,south
1641,7/17/2020,east
1773,7/17/2020,west
1623,7/18/2020,north
1707,7/18/2020,south
1749,7/18/2020,east
1797,7/18/2020,west
1614,7/19/2020,north
1653,7/19/2020,south
1674,7/19/2020,east
1779,7/19/2020,west
1797,7/20/2020,north
1560,7/20/2020,south
1638,7/20/2020,east
1716,7/20/2020,west
1572,7/21/2020,north
1767,7/21/2020,south
1689,7/21/2020,east
1734,7/21/2020,west
1668,7/22/2020,north
1728,7/22/2020,south
1668,7/22/2020,east
1584,7/22/2020,west
1692,7/23/2020,north
1710,7/23/2020,south
1758,7/23/2020,east
1545,7/23/2020,west
1530,7/24/2020,north
1530,7/24/2020,south
1575,7/24/2020,east
1776,7/24/2020,west
1794,7/25/2020,north
1647,7/25/2020,south
1611,7/25/2020,east
1704,7/25/2020,west
1569,7/26/2020,north
1659,7/26/2020,south
1575,7/26/2020,east
1788,7/26/2020,west
1602,7/27/2020,north
1620,7/27/2020,south
1530,7/27/2020,east
1608,7/27/2020,west
1800,7/28/2020,north
1506,7/28/2020,south
1608,7/28/2020,east
1581,7/28/2020,west
1533,7/29/2020,north
1686,7/29/2020,south
1773,7/29/2020,east
1644,7/29/2020,west
1722,7/30/2020,north
1584,7/30/2020,south
1596,7/30/2020,east
1512,7/30/2020,west
1527,7/31/2020,north
1530,7/31/2020,south
1533,7/31/2020,east
1530,7/31/2020,west
1788,8/1/2020,north
1596,8/1/2020,south
1680,8/1/2020,east
1671,8/1/2020,west
1656,8/2/2020,north
1716,8/2/2020,south
1623,8/2/2020,east
1596,8/2/2020,west
1665,8/3/2020,north
1650,8/3/2020,south
1503,8/3/2020,east
1665,8/3/2020,west
1539,8/4/2020,north
1659,8/4/2020,south
1602,8/4/2020,east
1719,8/4/2020,west
1749,8/5/2020,north
1548,8/5/2020,south
1653,8/5/2020,east
1662,8/5/2020,west
1770,8/6/2020,north
1710,8/6/2020,south
1509,8/6/2020,east
1545,8/6/2020,west
1740,8/7/2020,north
1524,8/7/2020,south
1641,8/7/2020,east
1710,8/7/2020,west
1728,8/8/2020,north
1695,8/8/2020,south
1716,8/8/2020,east
1785,8/8/2020,west
1617,8/9/2020,north
1752,8/9/2020,south
1734,8/9/2020,east
1521,8/9/2020,west
1545,8/10/2020,north
1722,8/10/2020,south
1647,8/10/2020,east
1530,8/10/2020,west
1632,8/11/2020,north
1620,8/11/2020,south
1551,8/11/2020,east
1557,8/11/2020,west
1737,8/12/2020,north
1749,8/12/2020,south
1704,8/12/2020,east
1671,8/12/2020,west
1500,8/13/2020,north
1500,8/13/2020,south
1701,8/13/2020,east
1785,8/13/2020,west
1542,8/14/2020,north
1791,8/14/2020,south
1716,8/14/2020,east
1665,8/14/2020,west
1740,8/15/2020,north
1632,8/15/2020,south
1560,8/15/2020,east
1689,8/15/2020,west
1749,8/16/2020,north
1605,8/16/2020,south
1629,8/16/2020,east
1728,8/16/2020,west
1554,8/17/2020,north
1629,8/17/2020,south
1698,8/17/2020,east
1635,8/17/2020,west
1761,8/18/2020,north
1566,8/18/2020,south
1692,8/18/2020,east
1563,8/18/2020,west
1662,8/19/2020,north
1635,8/19/2020,south
1674,8/19/2020,east
1602,8/19/2020,west
1686,8/20/2020,north
1506,8/20/2020,south
1515,8/20/2020,east
1779,8/20/2020,west
1557,8/21/2020,north
1551,8/21/2020,south
1521,8/21/2020,east
1710,8/21/2020,west
1563,8/22/2020,north
1683,8/22/2020,south
1791,8/22/2020,east
1773,8/22/2020,west
1716,8/23/2020,north
1731,8/23/2020,south
1593,8/23/2020,east
1788,8/23/2020,west
1785,8/24/2020,north
1647,8/24/2020,south
1755,8/24/2020,east
1665,8/24/2020,west
1545,8/25/2020,north
1755,8/25/2020,south
1605,8/25/2020,east
1548,8/25/2020,west
1533,8/26/2020,north
1752,8/26/2020,south
1758,8/26/2020,east
1767,8/26/2020,west
1761,8/27/2020,north
1671,8/27/2020,south
1551,8/27/2020,east
1686,8/27/2020,west
1788,8/28/2020,north
1551,8/28/2020,south
1554,8/28/2020,east
1623,8/28/2020,west
1698,8/29/2020,north
1659,8/29/2020,south
1593,8/29/2020,east
1674,8/29/2020,west
1800,8/30/2020,north
1554,8/30/2020,south
1713,8/30/2020,east
1611,8/30/2020,west
1797,8/31/2020,north
1581,8/31/2020,south
1623,8/31/2020,east
1515,8/31/2020,west
1797,9/1/2020,north
1704,9/1/2020,south
1539,9/1/2020,east
1617,9/1/2020,west
1737,9/2/2020,north
1635,9/2/2020,south
1671,9/2/2020,east
1632,9/2/2020,west
1575,9/3/2020,north
1713,9/3/2020,south
1581,9/3/2020,east
1719,9/3/2020,west
1533,9/4/2020,north
1539,9/4/2020,south
1569,9/4/2020,east
1743,9/4/2020,west
1620,9/5/2020,north
1743,9/5/2020,south
1563,9/5/2020,east
1764,9/5/2020,west
1638,9/6/2020,north
1734,9/6/2020,south
1794,9/6/2020,east
1782,9/6/2020,west
1509,9/7/2020,north
1749,9/7/2020,south
1608,9/7/2020,east
1794,9/7/2020,west
1710,9/8/2020,north
1536,9/8/2020,south
1539,9/8/2020,east
1512,9/8/2020,west
1578,9/9/2020,north
1575,9/9/2020,south
1551,9/9/2020,east
1650,9/9/2020,west
1662,9/10/2020,north
1767,9/10/2020,south
1596,9/10/2020,east
1710,9/10/2020,west
1764,9/11/2020,north
1722,9/11/2020,south
1611,9/11/2020,east
1656,9/11/2020,west
1602,9/12/2020,north
1686,9/12/2020,south
1599,9/12/2020,east
1800,9/12/2020,west
1503,9/13/2020,north
1554,9/13/2020,south
1554,9/13/2020,east
1575,9/13/2020,west
1647,9/14/2020,north
1776,9/14/2020,south
1788,9/14/2020,east
1791,9/14/2020,west
1542,9/15/2020,north
1782,9/15/2020,south
1620,9/15/2020,east
1641,9/15/2020,west
1590,9/16/2020,north
1734,9/16/2020,south
1710,9/16/2020,east
1641,9/16/2020,west
1611,9/17/2020,north
1581,9/17/2020,south
1596,9/17/2020,east
1539,9/17/2020,west
1764,9/18/2020,north
1584,9/18/2020,south
1701,9/18/2020,east
1518,9/18/2020,west
1692,9/19/2020,north
1743,9/19/2020,south
1737,9/19/2020,east
1590,9/19/2020,west
1623,9/20/2020,north
1521,9/20/2020,south
1590,9/20/2020,east
1677,9/20/2020,west
1776,9/21/2020,north
1629,9/21/2020,south
1776,9/21/2020,east
1728,9/21/2020,west
1776,9/22/2020,north
1629,9/22/2020,south
1539,9/22/2020,east
1563,9/22/2020,west
1506,9/23/2020,north
1698,9/23/2020,south
1734,9/23/2020,east
1557,9/23/2020,west
1527,9/24/2020,north
1761,9/24/2020,south
1560,9/24/2020,east
1650,9/24/2020,west
1533,9/25/2020,north
1602,9/25/2020,south
1743,9/25/2020,east
1617,9/25/2020,west
1536,9/26/2020,north
1773,9/26/2020,south
1521,9/26/2020,east
1542,9/26/2020,west
1737,9/27/2020,north
1509,9/27/2020,south
1626,9/27/2020,east
1584,9/27/2020,west
1671,9/28/2020,north
1680,9/28/2020,south
1599,9/28/2020,east
1776,9/28/2020,west
1674,9/29/2020,north
1728,9/29/2020,south
1551,9/29/2020,east
1641,9/29/2020,west
1614,9/30/2020,north
1773,9/30/2020,south
1509,9/30/2020,east
1740,9/30/2020,west
1614,10/1/2020,north
1599,10/1/2020,south
1785,10/1/2020,east
1506,10/1/2020,west
1689,10/2/2020,north
1659,10/2/2020,south
1785,10/2/2020,east
1701,10/2/2020,west
1515,10/3/2020,north
1545,10/3/2020,south
1599,10/3/2020,east
1512,10/3/2020,west
1524,10/4/2020,north
1779,10/4/2020,south
1500,10/4/2020,east
1755,10/4/2020,west
1773,10/5/2020,north
1743,10/5/2020,south
1662,10/5/2020,east
1596,10/5/2020,west
1788,10/6/2020,north
1503,10/6/2020,south
1779,10/6/2020,east
1563,10/6/2020,west
1554,10/7/2020,north
1734,10/7/2020,south
1629,10/7/2020,east
1608,10/7/2020,west
1794,10/8/2020,north
1674,10/8/2020,south
1662,10/8/2020,east
1788,10/8/2020,west
1536,10/9/2020,north
1521,10/9/2020,south
1656,10/9/2020,east
1551,10/9/2020,west
1593,10/10/2020,north
1590,10/10/2020,south
1671,10/10/2020,east
1707,10/10/2020,west
1569,10/11/2020,north
1773,10/11/2020,south
1674,10/11/2020,east
1536,10/11/2020,west
1677,10/12/2020,north
1605,10/12/2020,south
1653,10/12/2020,east
1749,10/12/2020,west
1578,10/13/2020,north
1638,10/13/2020,south
1515,10/13/2020,east
1683,10/13/2020,west
1680,10/14/2020,north
1755,10/14/2020,south
1584,10/14/2020,east
1590,10/14/2020,west
1518,10/15/2020,north
1701,10/15/2020,south
1716,10/15/2020,east
1563,10/15/2020,west
1638,10/16/2020,north
1689,10/16/2020,south
1515,10/16/2020,east
1632,10/16/2020,west
1509,10/17/2020,north
1791,10/17/2020,south
1509,10/17/2020,east
1776,10/17/2020,west
1524,10/18/2020,north
1716,10/18/2020,south
1578,10/18/2020,east
1713,10/18/2020,west
1656,10/19/2020,north
1725,10/19/2020,south
1554,10/19/2020,east
1524,10/19/2020,west
1569,10/20/2020,north
1758,10/20/2020,south
1758,10/20/2020,east
1614,10/20/2020,west
1740,10/21/2020,north
1521,10/21/2020,south
1722,10/21/2020,east
1605,10/21/2020,west
1749,10/22/2020,north
1638,10/22/2020,south
1710,10/22/2020,east
1668,10/22/2020,west
1635,10/23/2020,north
1533,10/23/2020,south
1635,10/23/2020,east
1575,10/23/2020,west
1737,10/24/2020,north
1593,10/24/2020,south
1707,10/24/2020,east
1536,10/24/2020,west
1689,10/25/2020,north
1680,10/25/2020,south
1605,10/25/2020,east
1617,10/25/2020,west
1746,10/26/2020,north
1518,10/26/2020,south
1656,10/26/2020,east
1542,10/26/2020,west
1581,10/27/2020,north
1716,10/27/2020,south
1683,10/27/2020,east
1518,10/27/2020,west
1746,10/28/2020,north
1587,10/28/2020,south
1644,10/28/2020,east
1731,10/28/2020,west
1770,10/29/2020,north
1692,10/29/2020,south
1557,10/29/2020,east
1524,10/29/2020,west
1773,10/30/2020,north
1689,10/30/2020,south
1776,10/30/2020,east
1686,10/30/2020,west
1581,10/31/2020,north
1758,10/31/2020,south
1755,10/31/2020,east
1668,10/31/2020,west
1665,11/1/2020,north
1551,11/1/2020,south
1770,11/1/2020,east
1593,11/1/2020,west
1734,11/2/2020,north
1500,11/2/2020,south
1740,11/2/2020,east
1686,11/2/2020,west
1551,11/3/2020,north
1752,11/3/2020,south
1746,11/3/2020,east
1581,11/3/2020,west
1773,11/4/2020,north
1788,11/4/2020,south
1545,11/4/2020,east
1506,11/4/2020,west
1644,11/5/2020,north
1605,11/5/2020,south
1686,11/5/2020,east
1539,11/5/2020,west
1725,11/6/2020,north
1599,11/6/2020,south
1659,11/6/2020,east
1575,11/6/2020,west
1653,11/7/2020,north
1641,11/7/2020,south
1587,11/7/2020,east
1758,11/7/2020,west
1785,11/8/2020,north
1695,11/8/2020,south
1581,11/8/2020,east
1734,11/8/2020,west
1788,11/9/2020,north
1593,11/9/2020,south
1593,11/9/2020,east
1512,11/9/2020,west
1638,11/10/2020,north
1734,11/10/2020,south
1695,11/10/2020,east
1638,11/10/2020,west
1695,11/11/2020,north
1533,11/11/2020,south
1731,11/11/2020,east
1689,11/11/2020,west
1713,11/12/2020,north
1596,11/12/2020,south
1686,11/12/2020,east
1515,11/12/2020,west
1581,11/13/2020,north
1521,11/13/2020,south
1677,11/13/2020,east
1635,11/13/2020,west
1749,11/14/2020,north
1542,11/14/2020,south
1602,11/14/2020,east
1557,11/14/2020,west
1686,11/15/2020,north
1638,11/15/2020,south
1794,11/15/2020,east
1659,11/15/2020,west
1773,11/16/2020,north
1671,11/16/2020,south
1626,11/16/2020,east
1725,11/16/2020,west
1686,11/17/2020,north
1521,11/17/2020,south
1734,11/17/2020,east
1530,11/17/2020,west
1698,11/18/2020,north
1770,11/18/2020,south
1752,11/18/2020,east
1662,11/18/2020,west
1566,11/19/2020,north
1590,11/19/2020,south
1635,11/19/2020,east
1698,11/19/2020,west
1683,11/20/2020,north
1653,11/20/2020,south
1527,11/20/2020,east
1524,11/20/2020,west
1593,11/21/2020,north
1656,11/21/2020,south
1623,11/21/2020,east
1638,11/21/2020,west
1596,11/22/2020,north
1575,11/22/2020,south
1656,11/22/2020,east
1725,11/22/2020,west
1767,11/23/2020,north
1650,11/23/2020,south
1641,11/23/2020,east
1632,11/23/2020,west
1602,11/24/2020,north
1632,11/24/2020,south
1743,11/24/2020,east
1617,11/24/2020,west
1725,11/25/2020,north
1761,11/25/2020,south
1791,11/25/2020,east
1620,11/25/2020,west
1770,11/26/2020,north
1791,11/26/2020,south
1665,11/26/2020,east
1743,11/26/2020,west
1632,11/27/2020,north
1587,11/27/2020,south
1680,11/27/2020,east
1656,11/27/2020,west
1746,11/28/2020,north
1599,11/28/2020,south
1719,11/28/2020,east
1794,11/28/2020,west
1758,11/29/2020,north
1557,11/29/2020,south
1647,11/29/2020,east
1740,11/29/2020,west
1635,11/30/2020,north
1584,11/30/2020,south
1614,11/30/2020,east
1749,11/30/2020,west
1587,12/1/2020,north
1719,12/1/2020,south
1620,12/1/2020,east
1656,12/1/2020,west
1554,12/2/2020,north
1755,12/2/2020,south
1737,12/2/2020,east
1548,12/2/2020,west
1572,12/3/2020,north
1560,12/3/2020,south
1746,12/3/2020,east
1788,12/3/2020,west
1638,12/4/2020,north
1626,12/4/2020,south
1518,12/4/2020,east
1773,12/4/2020,west
1707,12/5/2020,north
1614,12/5/2020,south
1722,12/5/2020,east
1524,12/5/2020,west
1560,12/6/2020,north
1617,12/6/2020,south
1566,12/6/2020,east
1515,12/6/2020,west
1509,12/7/2020,north
1545,12/7/2020,south
1596,12/7/2020,east
1671,12/7/2020,west
1686,12/8/2020,north
1785,12/8/2020,south
1800,12/8/2020,east
1590,12/8/2020,west
1788,12/9/2020,north
1788,12/9/2020,south
1584,12/9/2020,east
1665,12/9/2020,west
1620,12/10/2020,north
1725,12/10/2020,south
1569,12/10/2020,east
1533,12/10/2020,west
1503,12/11/2020,north
1713,12/11/2020,south
1650,12/11/2020,east
1776,12/11/2020,west
1629,12/12/2020,north
1662,12/12/2020,south
1623,12/12/2020,east
1590,12/12/2020,west
1650,12/13/2020,north
1647,12/13/2020,south
1683,12/13/2020,east
1530,12/13/2020,west
1746,12/14/2020,north
1551,12/14/2020,south
1548,12/14/2020,east
1767,12/14/2020,west
1785,12/15/2020,north
1734,12/15/2020,south
1578,12/15/2020,east
1596,12/15/2020,west
1779,12/16/2020,north
1770,12/16/2020,south
1581,12/16/2020,east
1614,12/16/2020,west
1506,12/17/2020,north
1533,12/17/2020,south
1677,12/17/2020,east
1737,12/17/2020,west
1635,12/18/2020,north
1800,12/18/2020,south
1794,12/18/2020,east
1653,12/18/2020,west
1719,12/19/2020,north
1674,12/19/2020,south
1575,12/19/2020,east
1650,12/19/2020,west
1707,12/20/2020,north
1692,12/20/2020,south
1614,12/20/2020,east
1563,12/20/2020,west
1575,12/21/2020,north
1506,12/21/2020,south
1599,12/21/2020,east
1686,12/21/2020,west
1518,12/22/2020,north
1677,12/22/2020,south
1722,12/22/2020,east
1566,12/22/2020,west
1677,12/23/2020,north
1542,12/23/2020,south
1785,12/23/2020,east
1671,12/23/2020,west
1725,12/24/2020,north
1506,12/24/2020,south
1563,12/24/2020,east
1668,12/24/2020,west
1782,12/25/2020,north
1557,12/25/2020,south
1797,12/25/2020,east
1563,12/25/2020,west
1554,12/26/2020,north
1650,12/26/2020,south
1698,12/26/2020,east
1737,12/26/2020,west
1770,12/27/2020,north
1734,12/27/2020,south
1770,12/27/2020,east
1524,12/27/2020,west
1725,12/28/2020,north
1536,12/28/2020,south
1758,12/28/2020,east
1683,12/28/2020,west
1518,12/29/2020,north
1677,12/29/2020,south
1614,12/29/2020,east
1767,12/29/2020,west
1524,12/30/2020,north
1530,12/30/2020,south
1584,12/30/2020,east
1791,12/30/2020,west
1740,12/31/2020,north
1698,12/31/2020,south
1770,12/31/2020,east
1650,12/31/2020,west
1536,1/1/2021,north
1542,1/1/2021,south
1671,1/1/2021,east
1752,1/1/2021,west
1794,1/2/2021,north
1620,1/2/2021,south
1584,1/2/2021,east
1503,1/2/2021,west
1758,1/3/2021,north
1578,1/3/2021,south
1677,1/3/2021,east
1722,1/3/2021,west
1590,1/4/2021,north
1785,1/4/2021,south
1731,1/4/2021,east
1686,1/4/2021,west
1536,1/5/2021,north
1578,1/5/2021,south
1683,1/5/2021,east
1608,1/5/2021,west
1743,1/6/2021,north
1743,1/6/2021,south
1638,1/6/2021,east
1788,1/6/2021,west
1716,1/7/2021,north
1602,1/7/2021,south
1596,1/7/2021,east
1797,1/7/2021,west
1662,1/8/2021,north
1668,1/8/2021,south
1662,1/8/2021,east
1521,1/8/2021,west
1563,1/9/2021,north
1647,1/9/2021,south
1743,1/9/2021,east
1653,1/9/2021,west
1731,1/10/2021,north
1608,1/10/2021,south
1512,1/10/2021,east
1545,1/10/2021,west
1740,1/11/2021,north
1611,1/11/2021,south
1536,1/11/2021,east
1626,1/11/2021,west
1614,1/12/2021,north
1572,1/12/2021,south
1539,1/12/2021,east
1605,1/12/2021,west
1545,1/13/2021,north
1542,1/13/2021,south
1779,1/13/2021,east
1680,1/13/2021,west
1701,1/14/2021,north
1677,1/14/2021,south
1614,1/14/2021,east
1590,1/14/2021,west
2025,1/15/2021,north
2195,1/15/2021,south
2180,1/15/2021,east
2395,1/15/2021,west
2110,1/16/2021,north
2145,1/16/2021,south
2340,1/16/2021,east
2390,1/16/2021,west
2475,1/17/2021,north
2320,1/17/2021,south
2105,1/17/2021,east
2090,1/17/2021,west
2050,1/18/2021,north
2410,1/18/2021,south
2125,1/18/2021,east
2325,1/18/2021,west
2335,1/19/2021,north
2105,1/19/2021,south
2340,1/19/2021,east
2420,1/19/2021,west
2415,1/20/2021,north
2495,1/20/2021,south
2070,1/20/2021,east
2405,1/20/2021,west
2090,1/21/2021,north
2145,1/21/2021,south
2245,1/21/2021,east
2330,1/21/2021,west
2460,1/22/2021,north
2230,1/22/2021,south
2010,1/22/2021,east
2380,1/22/2021,west
2025,1/23/2021,north
2085,1/23/2021,south
2420,1/23/2021,east
2175,1/23/2021,west
2015,1/24/2021,north
2445,1/24/2021,south
2255,1/24/2021,east
2085,1/24/2021,west
2210,1/25/2021,north
2145,1/25/2021,south
2200,1/25/2021,east
2160,1/25/2021,west
2050,1/26/2021,north
2280,1/26/2021,south
2165,1/26/2021,east
2345,1/26/2021,west
2000,1/27/2021,north
2010,1/27/2021,south
2060,1/27/2021,east
2020,1/27/2021,west
2140,1/28/2021,north
2310,1/28/2021,south
2285,1/28/2021,east
2005,1/28/2021,west
2295,1/29/2021,north
2195,1/29/2021,south
2465,1/29/2021,east
2095,1/29/2021,west
2400,1/30/2021,north
2290,1/30/2021,south
2370,1/30/2021,east
2165,1/30/2021,west
2430,1/31/2021,north
2260,1/31/2021,south
2215,1/31/2021,east
2145,1/31/2021,west
2350,2/1/2021,north
2180,2/1/2021,south
2290,2/1/2021,east
2115,2/1/2021,west
2315,2/2/2021,north
2100,2/2/2021,south
2430,2/2/2021,east
2215,2/2/2021,west
2000,2/3/2021,north
2355,2/3/2021,south
2110,2/3/2021,east
2240,2/3/2021,west
2380,2/4/2021,north
2305,2/4/2021,south
2300,2/4/2021,east
2120,2/4/2021,west
2185,2/5/2021,north
2295,2/5/2021,south
2215,2/5/2021,east
2050,2/5/2021,west
2225,2/6/2021,north
2405,2/6/2021,south
2095,2/6/2021,east
2200,2/6/2021,west
2070,2/7/2021,north
2065,2/7/2021,south
2080,2/7/2021,east
2010,2/7/2021,west
2395,2/8/2021,north
2345,2/8/2021,south
2085,2/8/2021,east
2250,2/8/2021,west
2045,2/9/2021,north
2345,2/9/2021,south
2455,2/9/2021,east
2260,2/9/2021,west
2130,2/10/2021,north
2035,2/10/2021,south
2045,2/10/2021,east
2145,2/10/2021,west
2320,2/11/2021,north
2350,2/11/2021,south
2085,2/11/2021,east
2160,2/11/2021,west
2375,2/12/2021,north
2230,2/12/2021,south
2230,2/12/2021,east
2130,2/12/2021,west
2425,2/13/2021,north
2465,2/13/2021,south
2105,2/13/2021,east
2485,2/13/2021,west
2340,2/14/2021,north
2240,2/14/2021,south
2285,2/14/2021,east
2375,2/14/2021,west
2110,2/15/2021,north
2325,2/15/2021,south
2265,2/15/2021,east
2175,2/15/2021,west
2295,2/16/2021,north
2250,2/16/2021,south
2180,2/16/2021,east
2465,2/16/2021,west
2380,2/17/2021,north
2130,2/17/2021,south
2350,2/17/2021,east
2470,2/17/2021,west
2005,2/18/2021,north
2125,2/18/2021,south
2480,2/18/2021,east
2240,2/18/2021,west
2125,2/19/2021,north
2425,2/19/2021,south
2050,2/19/2021,east
2045,2/19/2021,west
2260,2/20/2021,north
2105,2/20/2021,south
2420,2/20/2021,east
2400,2/20/2021,west
2345,2/21/2021,north
2040,2/21/2021,south
2170,2/21/2021,east
2445,2/21/2021,west
2145,2/22/2021,north
2050,2/22/2021,south
2200,2/22/2021,east
2140,2/22/2021,west
2490,2/23/2021,north
2370,2/23/2021,south
2055,2/23/2021,east
2380,2/23/2021,west
2330,2/24/2021,north
2420,2/24/2021,south
2235,2/24/2021,east
2045,2/24/2021,west
2205,2/25/2021,north
2065,2/25/2021,south
2300,2/25/2021,east
2035,2/25/2021,west
2455,2/26/2021,north
2350,2/26/2021,south
2270,2/26/2021,east
2315,2/26/2021,west
2000,2/27/2021,north
2305,2/27/2021,south
2150,2/27/2021,east
2305,2/27/2021,west
2145,2/28/2021,north
2155,2/28/2021,south
2290,2/28/2021,east
2155,2/28/2021,west
2360,3/1/2021,north
2430,3/1/2021,south
2185,3/1/2021,east
2245,3/1/2021,west
2370,3/2/2021,north
2300,3/2/2021,south
2215,3/2/2021,east
2225,3/2/2021,west
2405,3/3/2021,north
2000,3/3/2021,south
2025,3/3/2021,east
2380,3/3/2021,west
2390,3/4/2021,north
2335,3/4/2021,south
2205,3/4/2021,east
2035,3/4/2021,west
2080,3/5/2021,north
2340,3/5/2021,south
2045,3/5/2021,east
2005,3/5/2021,west
2075,3/6/2021,north
2190,3/6/2021,south
2305,3/6/2021,east
2190,3/6/2021,west
2220,3/7/2021,north
2025,3/7/2021,south
2350,3/7/2021,east
2425,3/7/2021,west
2170,3/8/2021,north
2095,3/8/2021,south
2475,3/8/2021,east
2395,3/8/2021,west
2380,3/9/2021,north
2000,3/9/2021,south
2180,3/9/2021,east
2365,3/9/2021,west
2380,3/10/2021,north
2320,3/10/2021,south
2005,3/10/2021,east
2270,3/10/2021,west
2005,3/11/2021,north
2410,3/11/2021,south
2065,3/11/2021,east
2170,3/11/2021,west
2175,3/12/2021,north
2310,3/12/2021,south
2490,3/12/2021,east
2400,3/12/2021,west
2065,3/13/2021,north
2165,3/13/2021,south
2305,3/13/2021,east
2100,3/13/2021,west
2245,3/14/2021,north
2365,3/14/2021,south
2300,3/14/2021,east
2340,3/14/2021,west
2330,3/15/2021,north
2445,3/15/2021,south
2390,3/15/2021,east
2210,3/15/2021,west
2365,3/16/2021,north
2500,3/16/2021,south
2235,3/16/2021,east
2480,3/16/2021,west
2065,3/17/2021,north
2325,3/17/2021,south
2480,3/17/2021,east
2265,3/17/2021,west
2440,3/18/2021,north
2020,3/18/2021,south
2115,3/18/2021,east
2075,3/18/2021,west
2035,3/19/2021,north
2495,3/19/2021,south
2340,3/19/2021,east
2220,3/19/2021,west
2380,3/20/2021,north
2360,3/20/2021,south
2325,3/20/2021,east
2340,3/20/2021,west
2300,3/21/2021,north
2030,3/21/2021,south
2110,3/21/2021,east
2490,3/21/2021,west
2420,3/22/2021,north
2030,3/22/2021,south
2450,3/22/2021,east
2315,3/22/2021,west
2470,3/23/2021,north
2240,3/23/2021,south
2155,3/23/2021,east
2005,3/23/2021,west
2005,3/24/2021,north
2075,3/24/2021,south
2080,3/24/2021,east
2395,3/24/2021,west
2435,3/25/2021,north
2055,3/25/2021,south
2130,3/25/2021,east
2365,3/25/2021,west
2320,3/26/2021,north
2325,3/26/2021,south
2210,3/26/2021,east
2225,3/26/2021,west
2465,3/27/2021,north
2175,3/27/2021,south
2145,3/27/2021,east
2085,3/27/2021,west
2310,3/28/2021,north
2070,3/28/2021,south
2355,3/28/2021,east
2410,3/28/2021,west
2475,3/29/2021,north
2005,3/29/2021,south
2025,3/29/2021,east
2265,3/29/2021,west
2090,3/30/2021,north
2390,3/30/2021,south
2410,3/30/2021,east
2035,3/30/2021,west
2475,3/31/2021,north
2135,3/31/2021,south
2440,3/31/2021,east
2105,3/31/2021,west
2405,4/1/2021,north
2000,4/1/2021,south
2480,4/1/2021,east
2495,4/1/2021,west
2260,4/2/2021,north
2100,4/2/2021,south
2480,4/2/2021,east
2325,4/2/2021,west
2345,4/3/2021,north
2005,4/3/2021,south
2175,4/3/2021,east
2330,4/3/2021,west
2480,4/4/2021,north
2455,4/4/2021,south
2165,4/4/2021,east
2355,4/4/2021,west
2270,4/5/2021,north
2415,4/5/2021,south
2150,4/5/2021,east
2215,4/5/2021,west
2440,4/6/2021,north
2435,4/6/2021,south
2255,4/6/2021,east
2260,4/6/2021,west
2020,4/7/2021,north
2125,4/7/2021,south
2120,4/7/2021,east
2070,4/7/2021,west
2135,4/8/2021,north
2050,4/8/2021,south
2400,4/8/2021,east
2040,4/8/2021,west
2265,4/9/2021,north
2340,4/9/2021,south
2245,4/9/2021,east
2450,4/9/2021,west
2385,4/10/2021,north
2255,4/10/2021,south
2065,4/10/2021,east
2295,4/10/2021,west
2415,4/11/2021,north
2355,4/11/2021,south
2425,4/11/2021,east
2150,4/11/2021,west
2285,4/12/2021,north
2315,4/12/2021,south
2080,4/12/2021,east
2305,4/12/2021,west
2115,4/13/2021,north
2380,4/13/2021,south
2195,4/13/2021,east
2325,4/13/2021,west
2045,4/14/2021,north
2370,4/14/2021,south
2485,4/14/2021,east
2085,4/14/2021,west
2185,4/15/2021,north
2275,4/15/2021,south
2050,4/15/2021,east
2320,4/15/2021,west
2335,4/16/2021,north
2415,4/16/2021,south
2115,4/16/2021,east
2380,4/16/2021,west
2375,4/17/2021,north
2250,4/17/2021,south
2415,4/17/2021,east
2395,4/17/2021,west
2005,4/18/2021,north
2215,4/18/2021,south
2405,4/18/2021,east
2265,4/18/2021,west
2160,4/19/2021,north
2115,4/19/2021,south
2175,4/19/2021,east
2420,4/19/2021,west
2290,4/20/2021,north
2115,4/20/2021,south
2110,4/20/2021,east
2395,4/20/2021,west
2400,4/21/2021,north
2195,4/21/2021,south
2095,4/21/2021,east
2330,4/21/2021,west
2235,4/22/2021,north
2195,4/22/2021,south
2480,4/22/2021,east
2270,4/22/2021,west
2280,4/23/2021,north
2065,4/23/2021,south
2065,4/23/2021,east
2260,4/23/2021,west
2440,4/24/2021,north
2130,4/24/2021,south
2345,4/24/2021,east
2020,4/24/2021,west
2275,4/25/2021,north
2375,4/25/2021,south
2340,4/25/2021,east
2300,4/25/2021,west
2260,4/26/2021,north
2295,4/26/2021,south
2295,4/26/2021,east
2115,4/26/2021,west
2095,4/27/2021,north
2010,4/27/2021,south
2245,4/27/2021,east
2245,4/27/2021,west
2385,4/28/2021,north
2230,4/28/2021,south
2285,4/28/2021,east
2115,4/28/2021,west
2150,4/29/2021,north
2065,4/29/2021,south
2110,4/29/2021,east
2175,4/29/2021,west
2320,4/30/2021,north
2435,4/30/2021,south
2050,4/30/2021,east
2165,4/30/2021,west
2460,5/1/2021,north
2165,5/1/2021,south
2110,5/1/2021,east
2320,5/1/2021,west
2305,5/2/2021,north
2145,5/2/2021,south
2460,5/2/2021,east
2260,5/2/2021,west
2355,5/3/2021,north
2070,5/3/2021,south
2455,5/3/2021,east
2090,5/3/2021,west
2270,5/4/2021,north
2425,5/4/2021,south
2415,5/4/2021,east
2065,5/4/2021,west
2315,5/5/2021,north
2120,5/5/2021,south
2330,5/5/2021,east
2295,5/5/2021,west
2120,5/6/2021,north
2050,5/6/2021,south
2140,5/6/2021,east
2230,5/6/2021,west
2090,5/7/2021,north
2335,5/7/2021,south
2125,5/7/2021,east
2380,5/7/2021,west
2090,5/8/2021,north
2490,5/8/2021,south
2200,5/8/2021,east
2045,5/8/2021,west
2140,5/9/2021,north
2115,5/9/2021,south
2045,5/9/2021,east
2385,5/9/2021,west
2250,5/10/2021,north
2325,5/10/2021,south
2325,5/10/2021,east
2400,5/10/2021,west
2120,5/11/2021,north
2165,5/11/2021,south
2175,5/11/2021,east
2190,5/11/2021,west
2155,5/12/2021,north
2325,5/12/2021,south
2025,5/12/2021,east
2455,5/12/2021,west
2330,5/13/2021,north
2210,5/13/2021,south
2010,5/13/2021,east
2320,5/13/2021,west
2135,5/14/2021,north
2500,5/14/2021,south
2140,5/14/2021,east
2190,5/14/2021,west
2240,5/15/2021,north
2180,5/15/2021,south
2020,5/15/2021,east
2390,5/15/2021,west
2375,5/16/2021,north
2050,5/16/2021,south
2080,5/16/2021,east
2055,5/16/2021,west
2020,5/17/2021,north
2470,5/17/2021,south
2220,5/17/2021,east
2255,5/17/2021,west
2185,5/18/2021,north
2455,5/18/2021,south
2270,5/18/2021,east
2415,5/18/2021,west
2400,5/19/2021,north
2300,5/19/2021,south
2175,5/19/2021,east
2020,5/19/2021,west
2195,5/20/2021,north
2050,5/20/2021,south
2055,5/20/2021,east
2300,5/20/2021,west
2480,5/21/2021,north
2240,5/21/2021,south
2025,5/21/2021,east
2480,5/21/2021,west
2430,5/22/2021,north
2100,5/22/2021,south
2420,5/22/2021,east
2410,5/22/2021,west
2155,5/23/2021,north
2345,5/23/2021,south
2045,5/23/2021,east
2240,5/23/2021,west
2390,5/24/2021,north
2210,5/24/2021,south
2105,5/24/2021,east
2075,5/24/2021,west
2020,5/25/2021,north
2105,5/25/2021,south
2295,5/25/2021,east
2005,5/25/2021,west
2475,5/26/2021,north
2210,5/26/2021,south
2040,5/26/2021,east
2085,5/26/2021,west
2080,5/27/2021,north
2260,5/27/2021,south
2345,5/27/2021,east
2160,5/27/2021,west
2205,5/28/2021,north
2055,5/28/2021,south
2280,5/28/2021,east
2205,5/28/2021,west
2150,5/29/2021,north
2450,5/29/2021,south
2005,5/29/2021,east
2115,5/29/2021,west
2380,5/30/2021,north
2225,5/30/2021,south
2485,5/30/2021,east
2310,5/30/2021,west
2395,5/31/2021,north
2095,5/31/2021,south
2220,5/31/2021,east
2130,5/31/2021,west
2140,6/1/2021,north
2450,6/1/2021,south
2055,6/1/2021,east
2215,6/1/2021,west
2015,6/2/2021,north
2350,6/2/2021,south
2005,6/2/2021,east
2015,6/2/2021,west
2375,6/3/2021,north
2025,6/3/2021,south
2375,6/3/2021,east
2300,6/3/2021,west
2405,6/4/2021,north
2135,6/4/2021,south
2315,6/4/2021,east
2300,6/4/2021,west
2425,6/5/2021,north
2400,6/5/2021,south
2245,6/5/2021,east
2085,6/5/2021,west
2020,6/6/2021,north
2190,6/6/2021,south
2450,6/6/2021,east
2245,6/6/2021,west
2390,6/7/2021,north
2020,6/7/2021,south
2360,6/7/2021,east
2070,6/7/2021,west
2290,6/8/2021,north
2035,6/8/2021,south
2450,6/8/2021,east
2120,6/8/2021,west
2480,6/9/2021,north
2500,6/9/2021,south
2365,6/9/2021,east
2330,6/9/2021,west
2280,6/10/2021,north
2015,6/10/2021,south
2500,6/10/2021,east
2405,6/10/2021,west
2385,6/11/2021,north
2090,6/11/2021,south
2300,6/11/2021,east
2350,6/11/2021,west
2095,6/12/2021,north
2375,6/12/2021,south
2270,6/12/2021,east
2365,6/12/2021,west
2205,6/13/2021,north
2260,6/13/2021,south
2135,6/13/2021,east
2280,6/13/2021,west
2485,6/14/2021,north
2025,6/14/2021,south
2460,6/14/2021,east
2285,6/14/2021,west
2090,6/15/2021,north
2075,6/15/2021,south
2125,6/15/2021,east
2085,6/15/2021,west
2410,6/16/2021,north
2265,6/16/2021,south
2145,6/16/2021,east
2320,6/16/2021,west
2260,6/17/2021,north
2460,6/17/2021,south
2060,6/17/2021,east
2120,6/17/2021,west
2325,6/18/2021,north
2275,6/18/2021,south
2285,6/18/2021,east
2150,6/18/2021,west
2160,6/19/2021,north
2020,6/19/2021,south
2430,6/19/2021,east
2025,6/19/2021,west
2280,6/20/2021,north
2425,6/20/2021,south
2230,6/20/2021,east
2160,6/20/2021,west
2360,6/21/2021,north
2305,6/21/2021,south
2105,6/21/2021,east
2290,6/21/2021,west
2280,6/22/2021,north
2010,6/22/2021,south
2095,6/22/2021,east
2270,6/22/2021,west
2080,6/23/2021,north
2345,6/23/2021,south
2240,6/23/2021,east
2425,6/23/2021,west
2390,6/24/2021,north
2155,6/24/2021,south
2060,6/24/2021,east
2055,6/24/2021,west
2140,6/25/2021,north
2340,6/25/2021,south
2030,6/25/2021,east
2310,6/25/2021,west
2065,6/26/2021,north
2330,6/26/2021,south
2145,6/26/2021,east
2050,6/26/2021,west
2095,6/27/2021,north
2460,6/27/2021,south
2195,6/27/2021,east
2020,6/27/2021,west
2185,6/28/2021,north
2190,6/28/2021,south
2050,6/28/2021,east
2045,6/28/2021,west
2155,6/29/2021,north
2135,6/29/2021,south
2280,6/29/2021,east
2485,6/29/2021,west
2040,6/30/2021,north
2130,6/30/2021,south
2490,6/30/2021,east
2160,6/30/2021,west
2065,7/1/2021,north
2355,7/1/2021,south
2205,7/1/2021,east
2265,7/1/2021,west
2005,7/2/2021,north
2450,7/2/2021,south
2500,7/2/2021,east
2445,7/2/2021,west
2460,7/3/2021,north
2060,7/3/2021,south
2090,7/3/2021,east
2415,7/3/2021,west
2395,7/4/2021,north
2370,7/4/2021,south
2110,7/4/2021,east
2395,7/4/2021,west
2205,7/5/2021,north
2245,7/5/2021,south
2330,7/5/2021,east
2010,7/5/2021,west
2430,7/6/2021,north
2125,7/6/2021,south
2235,7/6/2021,east
2175,7/6/2021,west
2460,7/7/2021,north
2500,7/7/2021,south
2315,7/7/2021,east
2120,7/7/2021,west
2040,7/8/2021,north
2425,7/8/2021,south
2375,7/8/2021,east
2080,7/8/2021,west
2105,7/9/2021,north
2240,7/9/2021,south
2015,7/9/2021,east
2170,7/9/2021,west
2195,7/10/2021,north
2440,7/10/2021,south
2040,7/10/2021,east
2260,7/10/2021,west
2170,7/11/2021,north
2200,7/11/2021,south
2260,7/11/2021,east
2395,7/11/2021,west
2010,7/12/2021,north
2005,7/12/2021,south
2250,7/12/2021,east
2010,7/12/2021,west
2145,7/13/2021,north
2105,7/13/2021,south
2265,7/13/2021,east
2020,7/13/2021,west
2295,7/14/2021,north
2330,7/14/2021,south
2280,7/14/2021,east
2045,7/14/2021,west
2375,7/15/2021,north
2370,7/15/2021,south
2255,7/15/2021,east
2305,7/15/2021,west
2440,7/16/2021,north
2020,7/16/2021,south
2035,7/16/2021,east
2155,7/16/2021,west
2145,7/17/2021,north
2080,7/17/2021,south
2345,7/17/2021,east
2230,7/17/2021,west
2375,7/18/2021,north
2165,7/18/2021,south
2175,7/18/2021,east
2385,7/18/2021,west
2295,7/19/2021,north
2170,7/19/2021,south
2040,7/19/2021,east
2205,7/19/2021,west
2435,7/20/2021,north
2380,7/20/2021,south
2445,7/20/2021,east
2390,7/20/2021,west
2115,7/21/2021,north
2275,7/21/2021,south
2200,7/21/2021,east
2305,7/21/2021,west
2280,7/22/2021,north
2140,7/22/2021,south
2205,7/22/2021,east
2450,7/22/2021,west
2060,7/23/2021,north
2200,7/23/2021,south
2390,7/23/2021,east
2075,7/23/2021,west
2015,7/24/2021,north
2235,7/24/2021,south
2360,7/24/2021,east
2125,7/24/2021,west
2235,7/25/2021,north
2450,7/25/2021,south
2155,7/25/2021,east
2280,7/25/2021,west
2285,7/26/2021,north
2395,7/26/2021,south
2360,7/26/2021,east
2290,7/26/2021,west
2440,7/27/2021,north
2315,7/27/2021,south
2080,7/27/2021,east
2450,7/27/2021,west
2165,7/28/2021,north
2385,7/28/2021,south
2010,7/28/2021,east
2425,7/28/2021,west
2125,7/29/2021,north
2125,7/29/2021,south
2235,7/29/2021,east
2360,7/29/2021,west
2005,7/30/2021,north
2200,7/30/2021,south
2155,7/30/2021,east
2245,7/30/2021,west
2220,7/31/2021,north
2225,7/31/2021,south
2150,7/31/2021,east
2145,7/31/2021,west
2070,8/1/2021,north
2265,8/1/2021,south
2055,8/1/2021,east
2165,8/1/2021,west
2280,8/2/2021,north
2275,8/2/2021,south
2200,8/2/2021,east
2490,8/2/2021,west
2350,8/3/2021,north
2075,8/3/2021,south
2250,8/3/2021,east
2315,8/3/2021,west
2480,8/4/2021,north
2070,8/4/2021,south
2450,8/4/2021,east
2010,8/4/2021,west
2420,8/5/2021,north
2215,8/5/2021,south
2130,8/5/2021,east
2065,8/5/2021,west
2060,8/6/2021,north
2050,8/6/2021,south
2470,8/6/2021,east
2295,8/6/2021,west
2230,8/7/2021,north
2030,8/7/2021,south
2310,8/7/2021,east
2415,8/7/2021,west
2480,8/8/2021,north
2230,8/8/2021,south
2360,8/8/2021,east
2400,8/8/2021,west
2165,8/9/2021,north
2385,8/9/2021,south
2240,8/9/2021,east
2060,8/9/2021,west
2295,8/10/2021,north
2180,8/10/2021,south
2075,8/10/2021,east
2375,8/10/2021,west
2250,8/11/2021,north
2250,8/11/2021,south
2345,8/11/2021,east
2080,8/11/2021,west
2495,8/12/2021,north
2100,8/12/2021,south
2430,8/12/2021,east
2070,8/12/2021,west
2285,8/13/2021,north
2235,8/13/2021,south
2480,8/13/2021,east
2425,8/13/2021,west
2095,8/14/2021,north
2135,8/14/2021,south
2330,8/14/2021,east
2020,8/14/2021,west
2060,8/15/2021,north
2140,8/15/2021,south
2470,8/15/2021,east
2485,8/15/2021,west
2040,8/16/2021,north
2155,8/16/2021,south
2120,8/16/2021,east
2135,8/16/2021,west
2395,8/17/2021,north
2475,8/17/2021,south
2360,8/17/2021,east
2175,8/17/2021,west
2490,8/18/2021,north
2075,8/18/2021,south
2325,8/18/2021,east
2445,8/18/2021,west
2080,8/19/2021,north
2370,8/19/2021,south
2225,8/19/2021,east
2495,8/19/2021,west
2160,8/20/2021,north
2195,8/20/2021,south
2315,8/20/2021,east
2170,8/20/2021,west
2230,8/21/2021,north
2095,8/21/2021,south
2050,8/21/2021,east
2490,8/21/2021,west
2095,8/22/2021,north
2180,8/22/2021,south
2075,8/22/2021,east
2475,8/22/2021,west
2020,8/23/2021,north
2000,8/23/2021,south
2210,8/23/2021,east
2155,8/23/2021,west
2215,8/24/2021,north
2475,8/24/2021,south
2265,8/24/2021,east
2030,8/24/2021,west
2020,8/25/2021,north
2240,8/25/2021,south
2000,8/25/2021,east
2150,8/25/2021,west
2370,8/26/2021,north
2180,8/26/2021,south
2470,8/26/2021,east
2150,8/26/2021,west
2170,8/27/2021,north
2260,8/27/2021,south
2140,8/27/2021,east
2045,8/27/2021,west
2490,8/28/2021,north
2320,8/28/2021,south
2230,8/28/2021,east
2440,8/28/2021,west
2185,8/29/2021,north
2350,8/29/2021,south
2445,8/29/2021,east
2365,8/29/2021,west
2065,8/30/2021,north
2015,8/30/2021,south
2160,8/30/2021,east
2300,8/30/2021,west
2045,8/31/2021,north
2440,8/31/2021,south
2165,8/31/2021,east
2180,8/31/2021,west
2330,9/1/2021,north
2240,9/1/2021,south
2120,9/1/2021,east
2495,9/1/2021,west
2080,9/2/2021,north
2415,9/2/2021,south
2085,9/2/2021,east
2400,9/2/2021,west
2255,9/3/2021,north
2245,9/3/2021,south
2020,9/3/2021,east
2270,9/3/2021,west
2395,9/4/2021,north
2165,9/4/2021,south
2020,9/4/2021,east
2135,9/4/2021,west
2330,9/5/2021,north
2290,9/5/2021,south
2045,9/5/2021,east
2255,9/5/2021,west
2345,9/6/2021,north
2185,9/6/2021,south
2335,9/6/2021,east
2300,9/6/2021,west
2040,9/7/2021,north
2055,9/7/2021,south
2270,9/7/2021,east
2335,9/7/2021,west
2425,9/8/2021,north
2445,9/8/2021,south
2480,9/8/2021,east
2480,9/8/2021,west
2000,9/9/2021,north
2075,9/9/2021,south
2345,9/9/2021,east
2245,9/9/2021,west
2070,9/10/2021,north
2365,9/10/2021,south
2015,9/10/2021,east
2375,9/10/2021,west
2270,9/11/2021,north
2015,9/11/2021,south
2000,9/11/2021,east
2295,9/11/2021,west
2435,9/12/2021,north
2485,9/12/2021,south
2450,9/12/2021,east
2205,9/12/2021,west
2415,9/13/2021,north
2440,9/13/2021,south
2490,9/13/2021,east
2415,9/13/2021,west
2260,9/14/2021,north
2385,9/14/2021,south
2280,9/14/2021,east
2210,9/14/2021,west
2070,9/15/2021,north
2105,9/15/2021,south
2425,9/15/2021,east
2265,9/15/2021,west
2190,9/16/2021,north
2110,9/16/2021,south
2115,9/16/2021,east
2455,9/16/2021,west
2270,9/17/2021,north
2350,9/17/2021,south
2365,9/17/2021,east
2270,9/17/2021,west
2200,9/18/2021,north
2500,9/18/2021,south
2425,9/18/2021,east
2290,9/18/2021,west
2460,9/19/2021,north
2185,9/19/2021,south
2390,9/19/2021,east
2175,9/19/2021,west
2480,9/20/2021,north
2385,9/20/2021,south
2150,9/20/2021,east
2225,9/20/2021,west
2395,9/21/2021,north
2395,9/21/2021,south
2445,9/21/2021,east
2295,9/21/2021,west
2285,9/22/2021,north
2095,9/22/2021,south
2310,9/22/2021,east
2120,9/22/2021,west
2075,9/23/2021,north
2390,9/23/2021,south
2485,9/23/2021,east
2475,9/23/2021,west
2225,9/24/2021,north
2325,9/24/2021,south
2195,9/24/2021,east
2410,9/24/2021,west
2285,9/25/2021,north
2000,9/25/2021,south
2345,9/25/2021,east
2400,9/25/2021,west
2260,9/26/2021,north
2300,9/26/2021,south
2150,9/26/2021,east
2200,9/26/2021,west
2140,9/27/2021,north
2365,9/27/2021,south
2090,9/27/2021,east
2115,9/27/2021,west
2070,9/28/2021,north
2085,9/28/2021,south
2435,9/28/2021,east
2115,9/28/2021,west
2340,9/29/2021,north
2225,9/29/2021,south
2140,9/29/2021,east
2240,9/29/2021,west
2000,9/30/2021,north
2175,9/30/2021,south
2020,9/30/2021,east
2425,9/30/2021,west
2350,10/1/2021,north
2215,10/1/2021,south
2345,10/1/2021,east
2360,10/1/2021,west
2370,10/2/2021,north
2180,10/2/2021,south
2000,10/2/2021,east
2235,10/2/2021,west
2055,10/3/2021,north
2265,10/3/2021,south
2165,10/3/2021,east
2165,10/3/2021,west
2135,10/4/2021,north
2395,10/4/2021,south
2240,10/4/2021,east
2295,10/4/2021,west
2425,10/5/2021,north
2255,10/5/2021,south
2145,10/5/2021,east
2000,10/5/2021,west
2090,10/6/2021,north
2390,10/6/2021,south
2120,10/6/2021,east
2405,10/6/2021,west
2370,10/7/2021,north
2080,10/7/2021,south
2160,10/7/2021,east
2270,10/7/2021,west
2455,10/8/2021,north
2360,10/8/2021,south
2085,10/8/2021,east
2045,10/8/2021,west
2260,10/9/2021,north
2300,10/9/2021,south
2065,10/9/2021,east
2025,10/9/2021,west
2400,10/10/2021,north
2255,10/10/2021,south
2335,10/10/2021,east
2460,10/10/2021,west
2120,10/11/2021,north
2230,10/11/2021,south
2195,10/11/2021,east
2205,10/11/2021,west
2105,10/12/2021,north
2105,10/12/2021,south
2065,10/12/2021,east
2005,10/12/2021,west
2205,10/13/2021,north
2495,10/13/2021,south
2125,10/13/2021,east
2410,10/13/2021,west
2320,10/14/2021,north
2010,10/14/2021,south
2330,10/14/2021,east
2275,10/14/2021,west
2305,10/15/2021,north
2425,10/15/2021,south
2310,10/15/2021,east
2090,10/15/2021,west
2485,10/16/2021,north
2415,10/16/2021,south
2395,10/16/2021,east
2090,10/16/2021,west
2010,10/17/2021,north
2085,10/17/2021,south
2250,10/17/2021,east
2450,10/17/2021,west
2230,10/18/2021,north
2310,10/18/2021,south
2005,10/18/2021,east
2025,10/18/2021,west
2085,10/19/2021,north
2275,10/19/2021,south
2220,10/19/2021,east
2395,10/19/2021,west
2070,10/20/2021,north
2210,10/20/2021,south
2290,10/20/2021,east
2380,10/20/2021,west
2475,10/21/2021,north
2175,10/21/2021,south
2015,10/21/2021,east
2115,10/21/2021,west
2030,10/22/2021,north
2400,10/22/2021,south
2180,10/22/2021,east
2345,10/22/2021,west
2485,10/23/2021,north
2225,10/23/2021,south
2095,10/23/2021,east
2350,10/23/2021,west
2315,10/24/2021,north
2155,10/24/2021,south
2305,10/24/2021,east
2250,10/24/2021,west
2470,10/25/2021,north
2135,10/25/2021,south
2255,10/25/2021,east
2270,10/25/2021,west
2410,10/26/2021,north
2490,10/26/2021,south
2250,10/26/2021,east
2220,10/26/2021,west
2145,10/27/2021,north
2145,10/27/2021,south
2450,10/27/2021,east
2090,10/27/2021,west
2165,10/28/2021,north
2355,10/28/2021,south
2315,10/28/2021,east
2300,10/28/2021,west
2225,10/29/2021,north
2175,10/29/2021,south
2435,10/29/2021,east
2035,10/29/2021,west
2430,10/30/2021,north
2180,10/30/2021,south
2060,10/30/2021,east
2470,10/30/2021,west
2400,10/31/2021,north
2220,10/31/2021,south
2395,10/31/2021,east
2120,10/31/2021,west
2080,11/1/2021,north
2445,11/1/2021,south
2415,11/1/2021,east
2355,11/1/2021,west
2405,11/2/2021,north
2120,11/2/2021,south
2195,11/2/2021,east
2025,11/2/2021,west
2305,11/3/2021,north
2035,11/3/2021,south
2085,11/3/2021,east
2285,11/3/2021,west
2205,11/4/2021,north
2155,11/4/2021,south
2105,11/4/2021,east
2085,11/4/2021,west
2475,11/5/2021,north
2425,11/5/2021,south
2330,11/5/2021,east
2205,11/5/2021,west
2235,11/6/2021,north
2050,11/6/2021,south
2455,11/6/2021,east
2065,11/6/2021,west
2210,11/7/2021,north
2065,11/7/2021,south
2215,11/7/2021,east
2275,11/7/2021,west
2005,11/8/2021,north
2120,11/8/2021,south
2140,11/8/2021,east
2260,11/8/2021,west
2165,11/9/2021,north
2000,11/9/2021,south
2435,11/9/2021,east
2250,11/9/2021,west
2485,11/10/2021,north
2090,11/10/2021,south
2025,11/10/2021,east
2365,11/10/2021,west
2150,11/11/2021,north
2160,11/11/2021,south
2035,11/11/2021,east
2445,11/11/2021,west
2350,11/12/2021,north
2130,11/12/2021,south
2045,11/12/2021,east
2490,11/12/2021,west
2315,11/13/2021,north
2210,11/13/2021,south
2345,11/13/2021,east
2285,11/13/2021,west
2225,11/14/2021,north
2190,11/14/2021,south
2495,11/14/2021,east
2485,11/14/2021,west
2105,11/15/2021,north
2425,11/15/2021,south
2155,11/15/2021,east
2495,11/15/2021,west
2485,11/16/2021,north
2225,11/16/2021,south
2315,11/16/2021,east
2300,11/16/2021,west
2165,11/17/2021,north
2240,11/17/2021,south
2290,11/17/2021,east
2025,11/17/2021,west
2080,11/18/2021,north
2325,11/18/2021,south
2105,11/18/2021,east
2245,11/18/2021,west
2180,11/19/2021,north
2180,11/19/2021,south
2345,11/19/2021,east
2435,11/19/2021,west
2490,11/20/2021,north
2160,11/20/2021,south
2460,11/20/2021,east
2040,11/20/2021,west
2010,11/21/2021,north
2440,11/21/2021,south
2190,11/21/2021,east
2365,11/21/2021,west
2145,11/22/2021,north
2420,11/22/2021,south
2200,11/22/2021,east
2075,11/22/2021,west
2075,11/23/2021,north
2450,11/23/2021,south
2280,11/23/2021,east
2220,11/23/2021,west
2410,11/24/2021,north
2015,11/24/2021,south
2020,11/24/2021,east
2060,11/24/2021,west
2410,11/25/2021,north
2485,11/25/2021,south
2445,11/25/2021,east
2285,11/25/2021,west
2490,11/26/2021,north
2215,11/26/2021,south
2015,11/26/2021,east
2070,11/26/2021,west
2170,11/27/2021,north
2235,11/27/2021,south
2145,11/27/2021,east
2370,11/27/2021,west
2035,11/28/2021,north
2335,11/28/2021,south
2390,11/28/2021,east
2500,11/28/2021,west
2180,11/29/2021,north
2495,11/29/2021,south
2170,11/29/2021,east
2275,11/29/2021,west
2265,11/30/2021,north
2035,11/30/2021,south
2480,11/30/2021,east
2390,11/30/2021,west
2415,12/1/2021,north
2275,12/1/2021,south
2100,12/1/2021,east
2105,12/1/2021,west
2330,12/2/2021,north
2170,12/2/2021,south
2460,12/2/2021,east
2200,12/2/2021,west
2225,12/3/2021,north
2350,12/3/2021,south
2125,12/3/2021,east
2245,12/3/2021,west
2025,12/4/2021,north
2010,12/4/2021,south
2005,12/4/2021,east
2455,12/4/2021,west
2130,12/5/2021,north
2445,12/5/2021,south
2190,12/5/2021,east
2265,12/5/2021,west
2380,12/6/2021,north
2235,12/6/2021,south
2200,12/6/2021,east
2200,12/6/2021,west
2090,12/7/2021,north
2165,12/7/2021,south
2300,12/7/2021,east
2400,12/7/2021,west
2135,12/8/2021,north
2315,12/8/2021,south
2375,12/8/2021,east
2080,12/8/2021,west
2270,12/9/2021,north
2430,12/9/2021,south
2335,12/9/2021,east
2065,12/9/2021,west
2235,12/10/2021,north
2375,12/10/2021,south
2400,12/10/2021,east
2305,12/10/2021,west
2310,12/11/2021,north
2155,12/11/2021,south
2435,12/11/2021,east
2165,12/11/2021,west
2225,12/12/2021,north
2055,12/12/2021,south
2235,12/12/2021,east
2295,12/12/2021,west
2040,12/13/2021,north
2320,12/13/2021,south
2110,12/13/2021,east
2180,12/13/2021,west
2360,12/14/2021,north
2420,12/14/2021,south
2370,12/14/2021,east
2335,12/14/2021,west
2485,12/15/2021,north
2495,12/15/2021,south
2365,12/15/2021,east
2155,12/15/2021,west
2385,12/16/2021,north
2385,12/16/2021,south
2435,12/16/2021,east
2290,12/16/2021,west
2210,12/17/2021,north
2085,12/17/2021,south
2090,12/17/2021,east
2370,12/17/2021,west
2145,12/18/2021,north
2210,12/18/2021,south
2380,12/18/2021,east
2455,12/18/2021,west
2270,12/19/2021,north
2040,12/19/2021,south
2180,12/19/2021,east
2500,12/19/2021,west
2115,12/20/2021,north
2325,12/20/2021,south
2250,12/20/2021,east
2180,12/20/2021,west
2330,12/21/2021,north
2075,12/21/2021,south
2355,12/21/2021,east
2355,12/21/2021,west
2205,12/22/2021,north
2155,12/22/2021,south
2010,12/22/2021,east
2005,12/22/2021,west
2410,12/23/2021,north
2265,12/23/2021,south
2205,12/23/2021,east
2115,12/23/2021,west
2050,12/24/2021,north
2135,12/24/2021,south
2440,12/24/2021,east
2360,12/24/2021,west
2405,12/25/2021,north
2115,12/25/2021,south
2085,12/25/2021,east
2290,12/25/2021,west
2245,12/26/2021,north
2460,12/26/2021,south
2450,12/26/2021,east
2310,12/26/2021,west
2370,12/27/2021,north
2040,12/27/2021,south
2415,12/27/2021,east
2015,12/27/2021,west
2245,12/28/2021,north
2120,12/28/2021,south
2415,12/28/2021,east
2295,12/28/2021,west
2445,12/29/2021,north
2215,12/29/2021,south
2285,12/29/2021,east
2395,12/29/2021,west
2435,12/30/2021,north
2400,12/30/2021,south
2260,12/30/2021,east
2315,12/30/2021,west
2315,12/31/2021,north
2175,12/31/2021,south
2295,12/31/2021,east
2055,12/31/2021,west
2130,1/1/2022,north
2480,1/1/2022,south
2190,1/1/2022,east
2170,1/1/2022,west
2160,1/2/2022,north
2120,1/2/2022,south
2110,1/2/2022,east
2080,1/2/2022,west
2050,1/3/2022,north
2150,1/3/2022,south
2440,1/3/2022,east
2055,1/3/2022,west
2405,1/4/2022,north
2020,1/4/2022,south
2010,1/4/2022,east
2005,1/4/2022,west
2480,1/5/2022,north
2360,1/5/2022,south
2025,1/5/2022,east
2275,1/5/2022,west
2245,1/6/2022,north
2060,1/6/2022,south
2290,1/6/2022,east
2205,1/6/2022,west
2065,1/7/2022,north
2050,1/7/2022,south
2180,1/7/2022,east
2135,1/7/2022,west
2370,1/8/2022,north
2245,1/8/2022,south
2070,1/8/2022,east
2395,1/8/2022,west
2490,1/9/2022,north
2105,1/9/2022,south
2335,1/9/2022,east
2250,1/9/2022,west
2240,1/10/2022,north
2090,1/10/2022,south
2370,1/10/2022,east
2315,1/10/2022,west
2000,1/11/2022,north
2075,1/11/2022,south
2305,1/11/2022,east
2145,1/11/2022,west
2050,1/12/2022,north
2260,1/12/2022,south
2095,1/12/2022,east
2500,1/12/2022,west
2260,1/13/2022,north
2365,1/13/2022,south
2485,1/13/2022,east
2180,1/13/2022,west
2245,1/14/2022,north
2225,1/14/2022,south
2080,1/14/2022,east
2250,1/14/2022,west
2115,1/15/2022,north
2145,1/15/2022,south
2130,1/15/2022,east
2120,1/15/2022,west
2315,1/16/2022,north
2410,1/16/2022,south
2290,1/16/2022,east
2150,1/16/2022,west
2295,1/17/2022,north
2015,1/17/2022,south
2070,1/17/2022,east
2095,1/17/2022,west
2045,1/18/2022,north
2125,1/18/2022,south
2085,1/18/2022,east
2095,1/18/2022,west
2295,1/19/2022,north
2265,1/19/2022,south
2040,1/19/2022,east
2200,1/19/2022,west
2415,1/20/2022,north
2435,1/20/2022,south
2160,1/20/2022,east
2210,1/20/2022,west
2295,1/21/2022,north
2405,1/21/2022,south
2380,1/21/2022,east
2360,1/21/2022,west
2080,1/22/2022,north
2220,1/22/2022,south
2495,1/22/2022,east
2500,1/22/2022,west
2170,1/23/2022,north
2135,1/23/2022,south
2205,1/23/2022,east
2445,1/23/2022,west
2195,1/24/2022,north
2375,1/24/2022,south
2370,1/24/2022,east
2410,1/24/2022,west
2470,1/25/2022,north
2370,1/25/2022,south
2110,1/25/2022,east
2480,1/25/2022,west
2085,1/26/2022,north
2320,1/26/2022,south
2075,1/26/2022,east
2485,1/26/2022,west
2165,1/27/2022,north
2400,1/27/2022,south
2055,1/27/2022,east
2435,1/27/2022,west
2380,1/28/2022,north
2410,1/28/2022,south
2240,1/28/2022,east
2450,1/28/2022,west
2190,1/29/2022,north
2345,1/29/2022,south
2290,1/29/2022,east
2380,1/29/2022,west
2145,1/30/2022,north
2150,1/30/2022,south
2500,1/30/2022,east
2305,1/30/2022,west
2045,1/31/2022,north
2375,1/31/2022,south
2040,1/31/2022,east
2055,1/31/2022,west
2405,2/1/2022,north
2310,2/1/2022,south
2405,2/1/2022,east
2420,2/1/2022,west
2160,2/2/2022,north
2485,2/2/2022,south
2375,2/2/2022,east
2435,2/2/2022,west
2125,2/3/2022,north
2185,2/3/2022,south
2090,2/3/2022,east
2115,2/3/2022,west
2035,2/4/2022,north
2215,2/4/2022,south
2010,2/4/2022,east
2190,2/4/2022,west
2070,2/5/2022,north
2000,2/5/2022,south
2130,2/5/2022,east
2235,2/5/2022,west
2250,2/6/2022,north
2365,2/6/2022,south
2020,2/6/2022,east
2215,2/6/2022,west
2290,2/7/2022,north
2145,2/7/2022,south
2255,2/7/2022,east
2265,2/7/2022,west
2375,2/8/2022,north
2360,2/8/2022,south
2430,2/8/2022,east
2330,2/8/2022,west
2290,2/9/2022,north
2435,2/9/2022,south
2225,2/9/2022,east
2255,2/9/2022,west
2275,2/10/2022,north
2310,2/10/2022,south
2070,2/10/2022,east
2445,2/10/2022,west
2405,2/11/2022,north
2030,2/11/2022,south
2470,2/11/2022,east
2265,2/11/2022,west
2245,2/12/2022,north
2490,2/12/2022,south
2110,2/12/2022,east
2085,2/12/2022,west
2425,2/13/2022,north
2245,2/13/2022,south
2500,2/13/2022,east
2390,2/13/2022,west
2035,2/14/2022,north
2465,2/14/2022,south
2500,2/14/2022,east
2115,2/14/2022,west
